<?xml version="1.0" encoding="UTF-8"?>
<!DOCTYPE html PUBLIC "-//W3C//DTD XHTML 1.0 Transitional//EN"
    "http://www.w3.org/TR/xhtml1/DTD/xhtml1-transitional.dtd">
<html xmlns="http://www.w3.org/1999/xhtml" xml:lang="en" lang="en">
 <head>
  <title>
</title>
<meta http-equiv="Content-Type" content="text/html;charset=utf-8" />
  <meta name='ocr-system' content='tesseract 3.04.00' />
  <meta name='ocr-capabilities' content='ocr_page ocr_carea ocr_par ocr_line ocrx_word'/>
</head>
<body>
  <div class='ocr_page' id='page_1' title='image "./depraepositionu00greegoog_0041.png"; bbox 0 0 2894 4774; ppageno 0'>
   <div class='ocr_carea' id='block_1_1' title="bbox 771 311 812 374">
    <p class='ocr_par' dir='ltr' id='par_1_1' title="bbox 771 311 812 374">
     <span class='ocr_line' id='line_1_1' title="bbox 771 311 812 374; baseline -0.049 0"><span class='ocrx_word' id='word_1_1' title='bbox 771 311 812 374; x_wconf 87' lang='lat'><strong>36</strong></span> 
     </span>
    </p>
   </div>
   <div class='ocr_carea' id='block_1_2' title="bbox 266 485 1314 801">
    <p class='ocr_par' dir='ltr' id='par_1_2' title="bbox 266 485 1314 801">
     <span class='ocr_line' id='line_1_2' title="bbox 266 485 1313 578; baseline -0.002 -20"><span class='ocrx_word' id='word_1_2' title='bbox 266 485 391 560; x_wconf 54' lang='lat' dir='ltr'><strong>&#39;lactum</strong></span> <span class='ocrx_word' id='word_1_3' title='bbox 413 515 481 560; x_wconf 87' lang='lat' dir='ltr'><strong>esse</strong></span> <span class='ocrx_word' id='word_1_4' title='bbox 503 492 630 558; x_wconf 86' lang='lat' dir='ltr'><strong>dicatur</strong></span> <span class='ocrx_word' id='word_1_5' title='bbox 658 500 690 560; x_wconf 83' lang='lat' dir='ltr'><strong>et</strong></span> <span class='ocrx_word' id='word_1_6' title='bbox 713 495 766 578; x_wconf 92' lang='lat' dir='ltr'><strong>qui</strong></span> <span class='ocrx_word' id='word_1_7' title='bbox 789 495 823 558; x_wconf 89' lang='lat' dir='ltr'><strong>iu</strong></span> <span class='ocrx_word' id='word_1_8' title='bbox 846 493 1010 559; x_wconf 80' lang='lat' dir='ltr'><strong>vicinitate</strong></span> <span class='ocrx_word' id='word_1_9' title='bbox 1032 493 1169 577; x_wconf 84' lang='lat' dir='ltr'><strong>alicujus</strong></span> <span class='ocrx_word' id='word_1_10' title='bbox 1191 493 1313 576; x_wconf 88' lang='lat' dir='ltr'><strong>aliquid</strong></span> 
     </span>
     <span class='ocr_line' id='line_1_3' title="bbox 270 603 1313 692; baseline -0.005 -21"><span class='ocrx_word' id='word_1_11' title='bbox 270 608 338 692; x_wconf 83' lang='lat' dir='ltr'><strong>agit</strong></span> <span class='ocrx_word' id='word_1_12' title='bbox 359 626 458 691; x_wconf 84' lang='lat' dir='ltr'><strong>prope</strong></span> <span class='ocrx_word' id='word_1_13' title='bbox 483 607 598 686; x_wconf 79' lang='lat' dir='ltr'><strong>adstet,</strong></span> <span class='ocrx_word' id='word_1_14' title='bbox 620 606 659 671; x_wconf 91' lang='lat' dir='ltr'><strong>de</strong></span> <span class='ocrx_word' id='word_1_15' title='bbox 681 605 865 688; x_wconf 85' lang='lat' dir='ltr'><strong>praesentia</strong></span> <span class='ocrx_word' id='word_1_16' title='bbox 887 606 1057 685; x_wconf 82' lang='lat' dir='ltr'><strong>usurpetur</strong></span> <span class='ocrx_word' id='word_1_17' title='bbox 1072 622 1174 684; x_wconf 86' lang='lat' dir='ltr'><strong>eaque</strong></span> <span class='ocrx_word' id='word_1_18' title='bbox 1189 603 1313 666; x_wconf 88' lang='lat' dir='ltr'><strong>ratione</strong></span> 
     </span>
     <span class='ocr_line' id='line_1_4' title="bbox 269 711 1314 801; baseline -0.005 -19"><span class='ocrx_word' id='word_1_19' title='bbox 269 717 366 782; x_wconf 87' lang='lat' dir='ltr'><strong>abeat</strong></span> <span class='ocrx_word' id='word_1_20' title='bbox 394 717 427 782; x_wconf 93' lang='lat' dir='ltr'><strong>in</strong></span> <span class='ocrx_word' id='word_1_21' title='bbox 456 717 519 780; x_wconf 84' lang='lat' dir='ltr'><strong>vim</strong></span> <span class='ocrx_word' id='word_1_22' title='bbox 548 717 793 801; x_wconf 81' lang='lat' dir='ltr'><strong>praepositionis</strong></span> <span class='ocrx_word' id='word_1_23' title='bbox 824 718 983 795; x_wconf 84' lang='lat' dir='ltr'><strong>„corum.“</strong></span> <span class='ocrx_word' id='word_1_24' title='bbox 1029 712 1075 776; x_wconf 90' lang='lat' dir='ltr'><strong>De</strong></span> <span class='ocrx_word' id='word_1_25' title='bbox 1098 711 1159 778; x_wconf 89' lang='lat' dir='ltr'><strong>hac</strong></span> <span class='ocrx_word' id='word_1_26' title='bbox 1179 733 1314 796; x_wconf 85' lang='lat' dir='ltr'><strong>praepo-</strong></span> 
     </span>
    </p>
   </div>
   <div class='ocr_carea' id='block_1_3' title="bbox 270 821 1402 906">
    <p class='ocr_par' dir='ltr' id='par_1_3' title="bbox 270 821 1402 906">
     <span class='ocr_line' id='line_1_5' title="bbox 270 821 1402 906; baseline -0.008 -14"><span class='ocrx_word' id='word_1_27' title='bbox 270 827 384 892; x_wconf 88' lang='lat' dir='ltr'><strong>sitione</strong></span> <span class='ocrx_word' id='word_1_28' title='bbox 406 823 445 888; x_wconf 90' lang='lat' dir='ltr'><strong>cf.</strong></span> <span class='ocrx_word' id='word_1_29' title='bbox 461 822 673 890; x_wconf 89' lang='lat' dir='ltr'><strong>Woelfflinum</strong></span> <span class='ocrx_word' id='word_1_30' title='bbox 696 823 811 889; x_wconf 92' lang='lat' dir='ltr'><strong>Philol.</strong></span> <span class='ocrx_word' id='word_1_31' title='bbox 829 822 927 887; x_wconf 85' lang='lat' dir='ltr'>XXV.</span> <span class='ocrx_word' id='word_1_32' title='bbox 948 822 1016 900; x_wconf 93' lang='grc'><strong>116,</strong></span> <span class='ocrx_word' id='word_1_33' title='bbox 1040 821 1095 904; x_wconf 91' lang='lat' dir='ltr'><strong>qui</strong></span> <span class='ocrx_word' id='word_1_34' title='bbox 1118 826 1225 886; x_wconf 89' lang='lat' dir='ltr'><strong>tamen</strong></span> <span class='ocrx_word' id='word_1_35' title='bbox 1249 842 1314 885; x_wconf 89' lang='lat' dir='ltr'><strong>non</strong></span> <span class='ocrx_word' id='word_1_36' title='bbox 1401 850 1402 906; x_wconf 54' lang='lat' dir='ltr'><strong>q</strong></span> 
     </span>
    </p>
   </div>
   <div class='ocr_carea' id='block_1_4' title="bbox 268 930 1316 1780">
    <p class='ocr_par' dir='ltr' id='par_1_4' title="bbox 268 930 1316 1780">
     <span class='ocr_line' id='line_1_6' title="bbox 269 930 1313 1015; baseline -0.005 -16"><span class='ocrx_word' id='word_1_37' title='bbox 269 935 348 999; x_wconf 88' lang='lat' dir='ltr'><strong>satis</strong></span> <span class='ocrx_word' id='word_1_38' title='bbox 377 938 464 997; x_wconf 87' lang='lat' dir='ltr'><strong>recte</strong></span> <span class='ocrx_word' id='word_1_39' title='bbox 491 933 586 1012; x_wconf 87' lang='lat' dir='ltr'><strong>dicit,</strong></span> <span class='ocrx_word' id='word_1_40' title='bbox 621 954 713 1015; x_wconf 78' lang='lat' dir='ltr'><strong>saepe</strong></span> <span class='ocrx_word' id='word_1_41' title='bbox 737 934 883 1013; x_wconf 83' lang='lat' dir='ltr'><strong>„coram“</strong></span> <span class='ocrx_word' id='word_1_42' title='bbox 908 930 1030 995; x_wconf 88' lang='lat' dir='ltr'><strong>nomini</strong></span> <span class='ocrx_word' id='word_1_43' title='bbox 1051 930 1271 1014; x_wconf 90' lang='lat' dir='ltr'><strong>praepositum</strong></span> <span class='ocrx_word' id='word_1_44' title='bbox 1293 951 1313 994; x_wconf 89' lang='lat' dir='ltr'><strong>a</strong></span> 
     </span>
     <span class='ocr_line' id='line_1_7' title="bbox 269 1039 1316 1128; baseline -0.002 -23"><span class='ocrx_word' id='word_1_45' title='bbox 269 1041 380 1107; x_wconf 84' lang='lat' dir='ltr'><strong>Tacito</strong></span> <span class='ocrx_word' id='word_1_46' title='bbox 402 1062 470 1106; x_wconf 91' lang='lat' dir='ltr'><strong>esse</strong></span> <span class='ocrx_word' id='word_1_47' title='bbox 498 1049 710 1128; x_wconf 85' lang='lat' dir='ltr'><strong>usurpatum,</strong></span> <span class='ocrx_word' id='word_1_48' title='bbox 747 1065 846 1127; x_wconf 92' lang='lat' dir='ltr'><strong>quum</strong></span> <span class='ocrx_word' id='word_1_49' title='bbox 874 1043 908 1107; x_wconf 90' lang='lat' dir='ltr'><strong>in</strong></span> <span class='ocrx_word' id='word_1_50' title='bbox 933 1039 1081 1123; x_wconf 77' lang='lat' dir='ltr'><strong>Agricola</strong></span> <span class='ocrx_word' id='word_1_51' title='bbox 1106 1044 1140 1104; x_wconf 88' lang='lat' dir='ltr'><strong>et</strong></span> <span class='ocrx_word' id='word_1_52' title='bbox 1163 1039 1316 1105; x_wconf 89' lang='lat' dir='ltr'><strong>Historiis</strong></span> 
     </span>
     <span class='ocr_line' id='line_1_8' title="bbox 268 1145 1313 1235; baseline -0.006 -20"><span class='ocrx_word' id='word_1_53' title='bbox 268 1171 400 1235; x_wconf 87' lang='lat' dir='ltr'><strong>prorsus</strong></span> <span class='ocrx_word' id='word_1_54' title='bbox 421 1172 485 1216; x_wconf 88' lang='lat' dir='ltr'><strong>nou</strong></span> <span class='ocrx_word' id='word_1_55' title='bbox 507 1152 593 1232; x_wconf 87' lang='lat' dir='ltr'><strong>insit,</strong></span> <span class='ocrx_word' id='word_1_56' title='bbox 616 1154 648 1218; x_wconf 92' lang='lat' dir='ltr'><strong>in</strong></span> <span class='ocrx_word' id='word_1_57' title='bbox 672 1152 754 1218; x_wconf 87' lang='lat' dir='ltr'><strong>Diel.</strong></span> <span class='ocrx_word' id='word_1_58' title='bbox 772 1156 822 1232; x_wconf 83' lang='lat'><strong>28,</strong></span> <span class='ocrx_word' id='word_1_59' title='bbox 840 1155 879 1215; x_wconf 89' lang='grc'><strong>19</strong></span> <span class='ocrx_word' id='word_1_60' title='bbox 903 1154 936 1215; x_wconf 88' lang='lat' dir='ltr'><strong>et</strong></span> <span class='ocrx_word' id='word_1_61' title='bbox 958 1152 1009 1228; x_wconf 83' lang='lat'><strong>29,</strong></span> <span class='ocrx_word' id='word_1_62' title='bbox 1027 1153 1063 1224; x_wconf 88' lang='grc'><strong>6,</strong></span> <span class='ocrx_word' id='word_1_63' title='bbox 1085 1147 1118 1212; x_wconf 90' lang='lat' dir='ltr'><strong>in</strong></span> <span class='ocrx_word' id='word_1_64' title='bbox 1140 1145 1244 1212; x_wconf 86' lang='lat' dir='ltr'><strong>Germ.</strong></span> <span class='ocrx_word' id='word_1_65' title='bbox 1265 1151 1313 1227; x_wconf 92' lang='grc'><strong>19,</strong></span> 
     </span>
     <span class='ocr_line' id='line_1_9' title="bbox 270 1258 1314 1346; baseline -0.004 -23"><span class='ocrx_word' id='word_1_66' title='bbox 270 1266 306 1340; x_wconf 89' lang='grc'><strong>5,</strong></span> <span class='ocrx_word' id='word_1_67' title='bbox 328 1260 362 1323; x_wconf 91' lang='lat' dir='ltr'><strong>in</strong></span> <span class='ocrx_word' id='word_1_68' title='bbox 385 1262 467 1324; x_wconf 83' lang='lat' dir='ltr'><strong>Ann.</strong></span> <span class='ocrx_word' id='word_1_69' title='bbox 490 1263 706 1346; x_wconf 87' lang='lat' dir='ltr'><strong>praepositum</strong></span> <span class='ocrx_word' id='word_1_70' title='bbox 729 1263 783 1328; x_wconf 92' lang='lat' dir='ltr'><strong>VI.</strong></span> <span class='ocrx_word' id='word_1_71' title='bbox 800 1265 866 1340; x_wconf 87' lang='grc'><strong>4,8</strong></span> <span class='ocrx_word' id='word_1_72' title='bbox 889 1264 921 1323; x_wconf 90' lang='lat' dir='ltr'><strong>et</strong></span> <span class='ocrx_word' id='word_1_73' title='bbox 943 1258 1028 1322; x_wconf 85' lang='lat' dir='ltr'>XIV.</span> <span class='ocrx_word' id='word_1_74' title='bbox 1045 1261 1095 1336; x_wconf 91' lang='grc'><strong>59,</strong></span> <span class='ocrx_word' id='word_1_75' title='bbox 1115 1261 1161 1333; x_wconf 90' lang='grc'><strong>10,</strong></span> <span class='ocrx_word' id='word_1_76' title='bbox 1185 1260 1314 1340; x_wconf 80' lang='lat' dir='ltr'><strong>postpo</strong></span> 
     </span>
     <span class='ocr_line' id='line_1_10' title="bbox 269 1366 1312 1462; baseline -0.003 -31"><span class='ocrx_word' id='word_1_77' title='bbox 269 1368 367 1431; x_wconf 90' lang='lat' dir='ltr'><strong>situm</strong></span> <span class='ocrx_word' id='word_1_78' title='bbox 389 1373 519 1451; x_wconf 86' lang='lat' dir='ltr'><strong>praeter</strong></span> <span class='ocrx_word' id='word_1_79' title='bbox 541 1369 627 1435; x_wconf 88' lang='lat' dir='ltr'><strong>locos</strong></span> <span class='ocrx_word' id='word_1_80' title='bbox 650 1370 863 1438; x_wconf 87' lang='lat' dir='ltr'><strong>aWoelfflino</strong></span> <span class='ocrx_word' id='word_1_81' title='bbox 878 1368 994 1434; x_wconf 86' lang='lat' dir='ltr'><strong>allatos</strong></span> <span class='ocrx_word' id='word_1_82' title='bbox 1009 1367 1106 1462; x_wconf 83' lang='lat' dir='ltr'><strong>etiam</strong></span> <span class='ocrx_word' id='word_1_83' title='bbox 1129 1366 1188 1430; x_wconf 94' lang='grc' dir='ltr'><strong>ΙΙΙ.</strong></span> <span class='ocrx_word' id='word_1_84' title='bbox 1205 1369 1256 1446; x_wconf 86' lang='grc'><strong>24,</strong></span> <span class='ocrx_word' id='word_1_85' title='bbox 1277 1371 1312 1429; x_wconf 84' lang='grc'><strong>17</strong></span> 
     </span>
     <span class='ocr_line' id='line_1_11' title="bbox 268 1475 1312 1562; baseline -0.001 -20"><span class='ocrx_word' id='word_1_86' title='bbox 268 1482 302 1542; x_wconf 91' lang='lat' dir='ltr'><strong>et</strong></span> <span class='ocrx_word' id='word_1_87' title='bbox 325 1476 378 1542; x_wconf 93' lang='lat' dir='ltr'><strong>Vl.</strong></span> <span class='ocrx_word' id='word_1_88' title='bbox 395 1479 445 1556; x_wconf 89' lang='grc'><strong>42,</strong></span> <span class='ocrx_word' id='word_1_89' title='bbox 468 1480 515 1540; x_wconf 85' lang='grc'><strong>18.</strong></span> <span class='ocrx_word' id='word_1_90' title='bbox 533 1515 572 1524; x_wconf 84' lang='lat'><strong>—-</strong></span> <span class='ocrx_word' id='word_1_91' title='bbox 603 1479 664 1546; x_wconf 92' lang='lat' dir='ltr'><strong>Hic</strong></span> <span class='ocrx_word' id='word_1_92' title='bbox 691 1485 799 1546; x_wconf 86' lang='lat' dir='ltr'><strong>autem</strong></span> <span class='ocrx_word' id='word_1_93' title='bbox 822 1500 898 1544; x_wconf 88' lang='lat' dir='ltr'><strong>usus</strong></span> <span class='ocrx_word' id='word_1_94' title='bbox 919 1476 1165 1562; x_wconf 82' lang='lat' dir='ltr'><strong>praepositionis</strong></span> <span class='ocrx_word' id='word_1_95' title='bbox 1187 1475 1312 1561; x_wconf 87' lang='lat' dir='ltr'><strong>„apud“</strong></span> 
     </span>
     <span class='ocr_line' id='line_1_12' title="bbox 269 1583 1315 1670; baseline 0.002 -22"><span class='ocrx_word' id='word_1_96' title='bbox 269 1589 426 1668; x_wconf 88' lang='lat' dir='ltr'><strong>quantum</strong></span> <span class='ocrx_word' id='word_1_97' title='bbox 449 1583 577 1668; x_wconf 87' lang='lat' dir='ltr'><strong>pateat,</strong></span> <span class='ocrx_word' id='word_1_98' title='bbox 611 1609 649 1653; x_wconf 86' lang='lat' dir='ltr'><strong>eo</strong></span> <span class='ocrx_word' id='word_1_99' title='bbox 671 1608 858 1670; x_wconf 81' lang='lat' dir='ltr'><strong>cognosces,</strong></span> <span class='ocrx_word' id='word_1_100' title='bbox 897 1585 982 1670; x_wconf 90' lang='lat' dir='ltr'><strong>quod</strong></span> <span class='ocrx_word' id='word_1_101' title='bbox 1003 1585 1198 1670; x_wconf 80' lang='lat' dir='ltr'><strong>praepositio</strong></span> <span class='ocrx_word' id='word_1_102' title='bbox 1222 1587 1315 1666; x_wconf 85' lang='lat' dir='ltr'><strong>„ad“‚</strong></span> 
     </span>
     <span class='ocr_line' id='line_1_13' title="bbox 268 1693 1314 1780; baseline 0.003 -23"><span class='ocrx_word' id='word_1_103' title='bbox 268 1713 351 1776; x_wconf 85' lang='lat' dir='ltr'><strong>quaa</strong></span> <span class='ocrx_word' id='word_1_104' title='bbox 373 1693 407 1756; x_wconf 92' lang='lat' dir='ltr'><strong>in</strong></span> <span class='ocrx_word' id='word_1_105' title='bbox 430 1693 540 1758; x_wconf 89' lang='lat' dir='ltr'><strong>multis</strong></span> <span class='ocrx_word' id='word_1_106' title='bbox 563 1696 723 1778; x_wconf 88' lang='lat' dir='ltr'><strong>variisque</strong></span> <span class='ocrx_word' id='word_1_107' title='bbox 746 1695 940 1761; x_wconf 83' lang='lat' dir='ltr'><strong>dictionibus</strong></span> <span class='ocrx_word' id='word_1_108' title='bbox 961 1699 998 1761; x_wconf 92' lang='lat' dir='ltr'><strong>ut</strong></span> <span class='ocrx_word' id='word_1_109' title='bbox 1022 1695 1129 1778; x_wconf 90' lang='lat' dir='ltr'><strong>„loqui</strong></span> <span class='ocrx_word' id='word_1_110' title='bbox 1150 1694 1192 1760; x_wconf 90' lang='lat' dir='ltr'><strong>ad</strong></span> <span class='ocrx_word' id='word_1_111' title='bbox 1207 1695 1314 1780; x_wconf 88' lang='lat' dir='ltr'><strong>alqm.,</strong></span> 
     </span>
    </p>
   </div>
   <div class='ocr_carea' id='block_1_5' title="bbox 268 1802 1405 1998">
    <p class='ocr_par' dir='ltr' id='par_1_5' title="bbox 268 1766 1405 1998">
     <span class='ocr_line' id='line_1_14' title="bbox 269 1802 1314 1888; baseline 0.001 -21"><span class='ocrx_word' id='word_1_112' title='bbox 269 1803 373 1867; x_wconf 85' lang='lat' dir='ltr'><strong>oratio</strong></span> <span class='ocrx_word' id='word_1_113' title='bbox 395 1803 436 1867; x_wconf 85' lang='lat' dir='ltr'><strong>ad</strong></span> <span class='ocrx_word' id='word_1_114' title='bbox 459 1802 577 1886; x_wconf 84' lang='lat' dir='ltr'><strong>alqm.“</strong></span> <span class='ocrx_word' id='word_1_115' title='bbox 601 1809 738 1886; x_wconf 85' lang='lat' dir='ltr'><strong>atquae</strong></span> <span class='ocrx_word' id='word_1_116' title='bbox 761 1809 836 1868; x_wconf 92' lang='lat' dir='ltr'><strong>sunt</strong></span> <span class='ocrx_word' id='word_1_117' title='bbox 857 1803 974 1867; x_wconf 89' lang='lat' dir='ltr'><strong>similia</strong></span> <span class='ocrx_word' id='word_1_118' title='bbox 1003 1805 1159 1868; x_wconf 87' lang='lat' dir='ltr'><strong>aoetcris</strong></span> <span class='ocrx_word' id='word_1_119' title='bbox 1180 1804 1314 1888; x_wconf 88' lang='lat' dir='ltr'><strong>scripto·</strong></span> 
     </span>
     <span class='ocr_line' id='line_1_15' title="bbox 268 1913 1405 1998; baseline 0.004 -21"><span class='ocrx_word' id='word_1_120' title='bbox 268 1913 358 1978; x_wconf 88' lang='lat' dir='ltr'><strong>ribus</strong></span> <span class='ocrx_word' id='word_1_121' title='bbox 386 1918 580 1996; x_wconf 82' lang='lat' dir='ltr'><strong>usurpatur,</strong></span> <span class='ocrx_word' id='word_1_122' title='bbox 616 1915 702 1998; x_wconf 92' lang='lat' dir='ltr'><strong>apud</strong></span> <span class='ocrx_word' id='word_1_123' title='bbox 731 1915 877 1981; x_wconf 86' lang='lat' dir='ltr'><strong>Tacitum</strong></span> <span class='ocrx_word' id='word_1_124' title='bbox 907 1915 1038 1979; x_wconf 90' lang='lat' dir='ltr'><strong>omnino</strong></span> <span class='ocrx_word' id='word_1_125' title='bbox 1066 1936 1130 1980; x_wconf 91' lang='lat' dir='ltr'><strong>non</strong></span> <span class='ocrx_word' id='word_1_126' title='bbox 1153 1917 1315 1981; x_wconf 89' lang='lat' dir='ltr'><strong>invenitur</strong></span> <span class='ocrx_word' id='word_1_127' title='bbox 1404 1933 1405 1938; x_wconf 74' lang='grc'>’</span> 
     </span>
    </p>
   </div>
   <div class='ocr_carea' id='block_1_6' title="bbox 176 2021 1315 4069">
    <p class='ocr_par' dir='ltr' id='par_1_6' title="bbox 176 2021 1315 4069">
     <span class='ocr_line' id='line_1_16' title="bbox 176 2021 1314 2110; baseline 0.002 -20"><span class='ocrx_word' id='word_1_128' title='bbox 176 2077 183 2090; x_wconf 92' lang='grc'><strong>.</strong></span> <span class='ocrx_word' id='word_1_129' title='bbox 268 2043 332 2087; x_wconf 93' lang='lat' dir='ltr'><strong>uno</strong></span> <span class='ocrx_word' id='word_1_130' title='bbox 355 2021 424 2085; x_wconf 95' lang='lat' dir='ltr'><strong>loco</strong></span> <span class='ocrx_word' id='word_1_131' title='bbox 444 2028 578 2106; x_wconf 87' lang='lat' dir='ltr'><strong>excepto</strong></span> <span class='ocrx_word' id='word_1_132' title='bbox 599 2023 632 2086; x_wconf 90' lang='lat' dir='ltr'><strong>in</strong></span> <span class='ocrx_word' id='word_1_133' title='bbox 656 2022 696 2087; x_wconf 90' lang='lat' dir='ltr'><strong>H.</strong></span> <span class='ocrx_word' id='word_1_134' title='bbox 713 2024 771 2088; x_wconf 92' lang='lat' dir='ltr'><strong>Ill.</strong></span> <span class='ocrx_word' id='word_1_135' title='bbox 789 2028 874 2102; x_wconf 91' lang='grc'><strong>24,9</strong></span> <span class='ocrx_word' id='word_1_136' title='bbox 900 2024 1016 2104; x_wconf 84' lang='lat' dir='ltr'><strong>„haec,</strong></span> <span class='ocrx_word' id='word_1_137' title='bbox 1039 2029 1076 2089; x_wconf 92' lang='lat' dir='ltr'><strong>ut</strong></span> <span class='ocrx_word' id='word_1_138' title='bbox 1097 2047 1240 2110; x_wconf 91' lang='lat' dir='ltr'><strong>quosque</strong></span> <span class='ocrx_word' id='word_1_139' title='bbox 1263 2049 1314 2092; x_wconf 88' lang='lat' dir='ltr'><strong>ac-</strong></span> 
     </span>
     <span class='ocr_line' id='line_1_17' title="bbox 268 2129 1314 2217; baseline 0.005 -22"><span class='ocrx_word' id='word_1_140' title='bbox 268 2136 423 2196; x_wconf 86' lang='lat' dir='ltr'><strong>cesserat:</strong></span> <span class='ocrx_word' id='word_1_141' title='bbox 446 2129 540 2214; x_wconf 91' lang='lat' dir='ltr'><strong>plura</strong></span> <span class='ocrx_word' id='word_1_142' title='bbox 562 2131 604 2194; x_wconf 90' lang='lat' dir='ltr'><strong>ad</strong></span> <span class='ocrx_word' id='word_1_143' title='bbox 620 2134 796 2197; x_wconf 85' lang='lat' dir='ltr'><strong>tertianos“</strong></span> <span class='ocrx_word' id='word_1_144' title='bbox 820 2140 877 2212; x_wconf 88' lang='lat' dir='ltr'><strong>(sc.</strong></span> <span class='ocrx_word' id='word_1_145' title='bbox 893 2133 1018 2199; x_wconf 87' lang='lat' dir='ltr'><strong>locutus</strong></span> <span class='ocrx_word' id='word_1_146' title='bbox 1032 2139 1104 2217; x_wconf 82' lang='lat' dir='ltr'><strong>est),</strong></span> <span class='ocrx_word' id='word_1_147' title='bbox 1126 2134 1180 2199; x_wconf 94' lang='lat' dir='ltr'><strong>ubi</strong></span> <span class='ocrx_word' id='word_1_148' title='bbox 1196 2141 1314 2214; x_wconf 85' lang='lat' dir='ltr'><strong>tamen,</strong></span> 
     </span>
     <span class='ocr_line' id='line_1_18' title="bbox 269 2241 1314 2327; baseline 0.002 -21"><span class='ocrx_word' id='word_1_149' title='bbox 269 2243 354 2326; x_wconf 93' lang='lat' dir='ltr'><strong>quod</strong></span> <span class='ocrx_word' id='word_1_150' title='bbox 377 2241 430 2305; x_wconf 85' lang='lat' dir='ltr'><strong>vix</strong></span> <span class='ocrx_word' id='word_1_151' title='bbox 455 2243 783 2321; x_wconf 87' lang='lat' dir='ltr'><strong>commemorandum,</strong></span> <span class='ocrx_word' id='word_1_152' title='bbox 808 2242 888 2322; x_wconf 85' lang='lat' dir='ltr'><strong>„ad“</strong></span> <span class='ocrx_word' id='word_1_153' title='bbox 913 2263 977 2306; x_wconf 92' lang='lat' dir='ltr'><strong>non</strong></span> <span class='ocrx_word' id='word_1_154' title='bbox 1000 2242 1085 2306; x_wconf 89' lang='lat' dir='ltr'><strong>idem</strong></span> <span class='ocrx_word' id='word_1_155' title='bbox 1109 2243 1196 2306; x_wconf 86' lang='lat' dir='ltr'><strong>valet</strong></span> <span class='ocrx_word' id='word_1_156' title='bbox 1216 2248 1314 2327; x_wconf 85' lang='lat' dir='ltr'><strong>atque</strong></span> 
     </span>
     <span class='ocr_line' id='line_1_19' title="bbox 272 2350 1314 2438; baseline -0.001 -20"><span class='ocrx_word' id='word_1_157' title='bbox 272 2353 415 2438; x_wconf 85' lang='lat' dir='ltr'><strong>„apud“‚</strong></span> <span class='ocrx_word' id='word_1_158' title='bbox 451 2350 508 2416; x_wconf 87' lang='lat' dir='ltr'><strong>sed</strong></span> <span class='ocrx_word' id='word_1_159' title='bbox 536 2352 722 2418; x_wconf 88' lang='lat' dir='ltr'><strong>directionis</strong></span> <span class='ocrx_word' id='word_1_160' title='bbox 753 2353 915 2418; x_wconf 81' lang='lat' dir='ltr'><strong>notionem</strong></span> <span class='ocrx_word' id='word_1_161' title='bbox 943 2352 1047 2417; x_wconf 85' lang='lat' dir='ltr'><strong>habet.</strong></span> <span class='ocrx_word' id='word_1_162' title='bbox 1080 2389 1121 2402; x_wconf 92' lang='lat'><em>-</em></span> <span class='ocrx_word' id='word_1_163' title='bbox 1160 2351 1314 2417; x_wconf 86' lang='lat' dir='ltr'><strong>Conleras</strong></span> 
     </span>
     <span class='ocr_line' id='line_1_20' title="bbox 268 2460 1314 2546; baseline -0.002 -21"><span class='ocrx_word' id='word_1_164' title='bbox 268 2467 438 2546; x_wconf 85' lang='lat' dir='ltr'><strong>praeterea</strong></span> <span class='ocrx_word' id='word_1_165' title='bbox 467 2461 570 2524; x_wconf 93' lang='lat' dir='ltr'><strong>locum</strong></span> <span class='ocrx_word' id='word_1_166' title='bbox 602 2461 693 2526; x_wconf 90' lang='lat' dir='ltr'><strong>illum</strong></span> <span class='ocrx_word' id='word_1_167' title='bbox 723 2463 757 2526; x_wconf 92' lang='lat' dir='ltr'><strong>in</strong></span> <span class='ocrx_word' id='word_1_168' title='bbox 780 2460 863 2525; x_wconf 89' lang='lat' dir='ltr'><strong>Dial.</strong></span> <span class='ocrx_word' id='word_1_169' title='bbox 882 2463 969 2538; x_wconf 90' lang='grc'><strong>42,6</strong></span> <span class='ocrx_word' id='word_1_170' title='bbox 1000 2465 1096 2544; x_wconf 84' lang='lat' dir='ltr'><strong>„ego“</strong></span> <span class='ocrx_word' id='word_1_171' title='bbox 1126 2460 1233 2542; x_wconf 85' lang='lat' dir='ltr'><strong>inquit</strong></span> <span class='ocrx_word' id='word_1_172' title='bbox 1264 2467 1314 2542; x_wconf 84' lang='lat' dir='ltr'><strong>„te</strong></span> 
     </span>
     <span class='ocr_line' id='line_1_21' title="bbox 268 2568 1315 2654; baseline -0.001 -19"><span class='ocrx_word' id='word_1_173' title='bbox 268 2570 388 2654; x_wconf 81' lang='lat' dir='ltr'><strong>poetic,</strong></span> <span class='ocrx_word' id='word_1_174' title='bbox 412 2568 565 2634; x_wconf 82' lang='lat' dir='ltr'><strong>Messalla</strong></span> <span class='ocrx_word' id='word_1_175' title='bbox 587 2569 779 2652; x_wconf 87' lang='lat' dir='ltr'><strong>antiquariis</strong></span> <span class='ocrx_word' id='word_1_176' title='bbox 800 2568 1070 2646; x_wconf 85' lang='lat' dir='ltr'><strong>criminabimur“‚</strong></span> <span class='ocrx_word' id='word_1_177' title='bbox 1101 2569 1155 2634; x_wconf 92' lang='lat' dir='ltr'><strong>ubi</strong></span> <span class='ocrx_word' id='word_1_178' title='bbox 1178 2571 1315 2652; x_wconf 79' lang='lat' dir='ltr'><strong>preda</strong></span> 
     </span>
     <span class='ocr_line' id='line_1_22' title="bbox 267 2677 1314 2762; baseline 0 -21"><span class='ocrx_word' id='word_1_179' title='bbox 267 2678 334 2742; x_wconf 86' lang='lat' dir='ltr'><strong>tivo</strong></span> <span class='ocrx_word' id='word_1_180' title='bbox 363 2678 634 2762; x_wconf 88' lang='lat' dir='ltr'><strong>praepositionem</strong></span> <span class='ocrx_word' id='word_1_181' title='bbox 665 2677 790 2762; x_wconf 78' lang='lat' dir='ltr'><strong>„upud“</strong></span> <span class='ocrx_word' id='word_1_182' title='bbox 822 2683 1005 2761; x_wconf 85' lang='lat' dir='ltr'><strong>exspectas:</strong></span> <span class='ocrx_word' id='word_1_183' title='bbox 1042 2677 1097 2742; x_wconf 86' lang='lat' dir='ltr'><strong>sed</strong></span> <span class='ocrx_word' id='word_1_184' title='bbox 1131 2678 1314 2758; x_wconf 81' lang='lat' dir='ltr'><strong>„criminari</strong></span> 
     </span>
     <span class='ocr_line' id='line_1_23' title="bbox 268 2786 1314 2871; baseline -0.001 -19"><span class='ocrx_word' id='word_1_185' title='bbox 268 2788 408 2871; x_wconf 81' lang='lat' dir='ltr'><strong>aliquem</strong></span> <span class='ocrx_word' id='word_1_186' title='bbox 431 2787 547 2851; x_wconf 88' lang='lat' dir='ltr'><strong>alicui“</strong></span> <span class='ocrx_word' id='word_1_187' title='bbox 571 2786 698 2871; x_wconf 87' lang='lat' dir='ltr'><strong>saepius</strong></span> <span class='ocrx_word' id='word_1_188' title='bbox 719 2787 836 2869; x_wconf 83' lang='lat' dir='ltr'><strong>legitur</strong></span> <span class='ocrx_word' id='word_1_189' title='bbox 858 2786 944 2870; x_wconf 88' lang='lat' dir='ltr'><strong>apud</strong></span> <span class='ocrx_word' id='word_1_190' title='bbox 959 2786 1130 2870; x_wconf 88' lang='lat' dir='ltr'><strong>scriptores</strong></span> <span class='ocrx_word' id='word_1_191' title='bbox 1146 2794 1314 2870; x_wconf 84' lang='lat' dir='ltr'><strong>argenteae</strong></span> 
     </span>
     <span class='ocr_line' id='line_1_24' title="bbox 268 2880 1313 2978; baseline 0.001 -19"><span class='ocrx_word' id='word_1_192' title='bbox 268 2897 386 2960; x_wconf 86' lang='lat' dir='ltr'><strong>aetatis</strong></span> <span class='ocrx_word' id='word_1_193' title='bbox 408 2894 505 2976; x_wconf 88' lang='lat' dir='ltr'><strong>(Plin.</strong></span> <span class='ocrx_word' id='word_1_194' title='bbox 521 2915 571 2978; x_wconf 91' lang='lat' dir='ltr'><strong>ep.</strong></span> <span class='ocrx_word' id='word_1_195' title='bbox 588 2895 643 2960; x_wconf 88' lang='lat' dir='ltr'><strong>Vl.</strong></span> <span class='ocrx_word' id='word_1_196' title='bbox 662 2899 709 2976; x_wconf 88' lang='grc'><strong>13,</strong></span> <span class='ocrx_word' id='word_1_197' title='bbox 727 2897 755 2959; x_wconf 91' lang='grc'><strong>2.</strong></span> <span class='ocrx_word' id='word_1_198' title='bbox 779 2893 866 2958; x_wconf 86' lang='lat' dir='ltr'><strong>Suet.</strong></span> <span class='ocrx_word' id='word_1_199' title='bbox 884 2893 985 2978; x_wconf 83' lang='lat' dir='ltr'><strong>Calig.</strong></span> <span class='ocrx_word' id='word_1_200' title='bbox 1003 2899 1070 2974; x_wconf 82' lang='lat'><strong>56),</strong></span> <span class='ocrx_word' id='word_1_201' title='bbox 1099 2880 1197 2977; x_wconf 85' lang='lat' dir='ltr'><strong>quum</strong></span> <span class='ocrx_word' id='word_1_202' title='bbox 1220 2916 1240 2960; x_wconf 89' lang='lat' dir='ltr'><strong>a</strong></span> <span class='ocrx_word' id='word_1_203' title='bbox 1263 2895 1313 2960; x_wconf 85' lang='lat' dir='ltr'><strong>ci-</strong></span> 
     </span>
     <span class='ocr_line' id='line_1_25' title="bbox 268 3001 1313 3087; baseline -0.001 -19"><span class='ocrx_word' id='word_1_204' title='bbox 268 3024 384 3068; x_wconf 88' lang='lat' dir='ltr'><strong>cerone</strong></span> <span class='ocrx_word' id='word_1_205' title='bbox 413 3001 722 3084; x_wconf 68' lang='lat' dir='ltr'><strong>(ostentaque)</strong></span> <span class='ocrx_word' id='word_1_206' title='bbox 752 3007 785 3066; x_wconf 92' lang='lat' dir='ltr'><strong>et</strong></span> <span class='ocrx_word' id='word_1_207' title='bbox 813 3002 903 3066; x_wconf 89' lang='lat' dir='ltr'><strong>Livio</strong></span> <span class='ocrx_word' id='word_1_208' title='bbox 934 3003 973 3074; x_wconf 91' lang='lat' dir='ltr'><strong>(I.</strong></span> <span class='ocrx_word' id='word_1_209' title='bbox 990 3007 1041 3080; x_wconf 87' lang='grc'><strong>54,</strong></span> <span class='ocrx_word' id='word_1_210' title='bbox 1057 3007 1090 3081; x_wconf 88' lang='grc'><strong>8)</strong></span> <span class='ocrx_word' id='word_1_211' title='bbox 1120 3004 1225 3087; x_wconf 83' lang='lat' dir='ltr'><strong>„apud</strong></span> <span class='ocrx_word' id='word_1_212' title='bbox 1255 3005 1313 3068; x_wconf 88' lang='lat' dir='ltr'><strong>ali·</strong></span> 
     </span>
     <span class='ocr_line' id='line_1_26' title="bbox 269 3111 1313 3197; baseline 0.003 -21"><span class='ocrx_word' id='word_1_213' title='bbox 269 3117 383 3196; x_wconf 89' lang='lat' dir='ltr'><strong>quem“</strong></span> <span class='ocrx_word' id='word_1_214' title='bbox 407 3112 542 3177; x_wconf 86' lang='lat' dir='ltr'><strong>dicatur.</strong></span> <span class='ocrx_word' id='word_1_215' title='bbox 560 3151 600 3159; x_wconf 93' lang='lat'>—</span> <span class='ocrx_word' id='word_1_216' title='bbox 625 3112 709 3192; x_wconf 89' lang='grc'><strong>1).5,</strong></span> <span class='ocrx_word' id='word_1_217' title='bbox 729 3117 767 3177; x_wconf 88' lang='grc'><strong>13</strong></span> <span class='ocrx_word' id='word_1_218' title='bbox 792 3113 915 3197; x_wconf 88' lang='lat' dir='ltr'><strong>„ipsum</strong></span> <span class='ocrx_word' id='word_1_219' title='bbox 938 3111 1038 3177; x_wconf 91' lang='lat' dir='ltr'><strong>solum</strong></span> <span class='ocrx_word' id='word_1_220' title='bbox 1062 3111 1148 3196; x_wconf 88' lang='lat' dir='ltr'><strong>apud</strong></span> <span class='ocrx_word' id='word_1_221' title='bbox 1170 3118 1203 3178; x_wconf 91' lang='lat' dir='ltr'><strong>te</strong></span> <span class='ocrx_word' id='word_1_222' title='bbox 1226 3135 1313 3179; x_wconf 87' lang='lat' dir='ltr'><strong>coar-</strong></span> 
     </span>
     <span class='ocr_line' id='line_1_27' title="bbox 269 3220 1311 3306; baseline -0.001 -20"><span class='ocrx_word' id='word_1_223' title='bbox 269 3242 374 3306; x_wconf 84' lang='lat' dir='ltr'><strong>guam.</strong></span> <span class='ocrx_word' id='word_1_224' title='bbox 413 3226 442 3301; x_wconf 91' lang='grc'><strong>5,</strong></span> <span class='ocrx_word' id='word_1_225' title='bbox 460 3226 510 3286; x_wconf 89' lang='grc'><strong>30.</strong></span> <span class='ocrx_word' id='word_1_226' title='bbox 534 3228 563 3303; x_wconf 84' lang='lat'><strong>7,</strong></span> <span class='ocrx_word' id='word_1_227' title='bbox 580 3227 598 3286; x_wconf 83' lang='lat'>6</span> <span class='ocrx_word' id='word_1_228' title='bbox 622 3241 752 3286; x_wconf 87' lang='lat' dir='ltr'><strong>oausam</strong></span> <span class='ocrx_word' id='word_1_229' title='bbox 768 3241 860 3286; x_wconf 88' lang='lat' dir='ltr'><strong>orare</strong></span> <span class='ocrx_word' id='word_1_230' title='bbox 876 3220 961 3304; x_wconf 91' lang='lat' dir='ltr'><strong>apud</strong></span> <span class='ocrx_word' id='word_1_231' title='bbox 977 3221 1199 3286; x_wconf 87' lang='lat' dir='ltr'><strong>centumviros.</strong></span> <span class='ocrx_word' id='word_1_232' title='bbox 1224 3223 1311 3288; x_wconf 87' lang='lat' dir='ltr'><strong>lllll.</strong></span> 
     </span>
     <span class='ocr_line' id='line_1_28' title="bbox 270 3331 1310 3420; baseline 0.001 -24"><span class='ocrx_word' id='word_1_233' title='bbox 270 3338 300 3420; x_wconf 87' lang='grc'><strong>5,</strong></span> <span class='ocrx_word' id='word_1_234' title='bbox 315 3337 345 3397; x_wconf 90' lang='grc'><strong>8.</strong></span> <span class='ocrx_word' id='word_1_235' title='bbox 371 3331 409 3394; x_wconf 90' lang='grc' dir='ltr'><strong>Ι).</strong></span> <span class='ocrx_word' id='word_1_236' title='bbox 430 3335 477 3411; x_wconf 88' lang='grc'><strong>19,</strong></span> <span class='ocrx_word' id='word_1_237' title='bbox 494 3334 545 3396; x_wconf 89' lang='grc'><strong>23.</strong></span> <span class='ocrx_word' id='word_1_238' title='bbox 569 3334 674 3412; x_wconf 90' lang='grc'><strong>23,11</strong></span> <span class='ocrx_word' id='word_1_239' title='bbox 700 3332 786 3417; x_wconf 89' lang='lat' dir='ltr'><strong>apud</strong></span> <span class='ocrx_word' id='word_1_240' title='bbox 805 3333 947 3417; x_wconf 83' lang='lat' dir='ltr'><strong>judicem</strong></span> <span class='ocrx_word' id='word_1_241' title='bbox 969 3333 1123 3398; x_wconf 85' lang='lat' dir='ltr'><strong>fabulare.</strong></span> <span class='ocrx_word' id='word_1_242' title='bbox 1142 3372 1179 3382; x_wconf 94' lang='lat'>-</span> <span class='ocrx_word' id='word_1_243' title='bbox 1205 3339 1310 3415; x_wconf 81' lang='lat'>31,17</span> 
     </span>
     <span class='ocr_line' id='line_1_29' title="bbox 270 3440 1311 3524; baseline 0.002 -18"><span class='ocrx_word' id='word_1_244' title='bbox 270 3441 375 3506; x_wconf 88' lang='lat' dir='ltr'><strong>dicere</strong></span> <span class='ocrx_word' id='word_1_245' title='bbox 397 3440 482 3523; x_wconf 85' lang='lat' dir='ltr'><strong>apud</strong></span> <span class='ocrx_word' id='word_1_246' title='bbox 505 3440 603 3524; x_wconf 87' lang='lat' dir='ltr'><strong>alqm.</strong></span> <span class='ocrx_word' id='word_1_247' title='bbox 628 3445 679 3520; x_wconf 82' lang='lat'><strong>38,</strong></span> <span class='ocrx_word' id='word_1_248' title='bbox 696 3445 714 3503; x_wconf 88' lang='lat'>9</span> <span class='ocrx_word' id='word_1_249' title='bbox 731 3446 764 3516; x_wconf 87' lang='lat' dir='ltr'><strong>et</strong></span> <span class='ocrx_word' id='word_1_250' title='bbox 781 3445 829 3504; x_wconf 89' lang='grc'><strong>15.</strong></span> <span class='ocrx_word' id='word_1_251' title='bbox 852 3446 960 3520; x_wconf 90' lang='grc'><strong>41,15</strong></span> <span class='ocrx_word' id='word_1_252' title='bbox 985 3443 1150 3510; x_wconf 86' lang='lat' dir='ltr'><strong>contiones</strong></span> <span class='ocrx_word' id='word_1_253' title='bbox 1172 3445 1311 3524; x_wconf 87' lang='lat' dir='ltr'><strong>(Redeo)</strong></span> 
     </span>
     <span class='ocr_line' id='line_1_30' title="bbox 270 3549 1307 3638; baseline 0.003 -24"><span class='ocrx_word' id='word_1_254' title='bbox 270 3549 356 3633; x_wconf 84' lang='lat' dir='ltr'><strong>apud</strong></span> <span class='ocrx_word' id='word_1_255' title='bbox 378 3549 541 3633; x_wconf 90' lang='lat' dir='ltr'><strong>populum.</strong></span> <span class='ocrx_word' id='word_1_256' title='bbox 569 3589 609 3598; x_wconf 88' lang='lat'><em>-</em></span> <span class='ocrx_word' id='word_1_257' title='bbox 633 3553 706 3634; x_wconf 82' lang='lat' dir='ltr'><strong>Agr.</strong></span> <span class='ocrx_word' id='word_1_258' title='bbox 725 3556 775 3632; x_wconf 90' lang='grc'><strong>29,</strong></span> <span class='ocrx_word' id='word_1_259' title='bbox 795 3556 833 3616; x_wconf 92' lang='grc'><strong>16</strong></span> <span class='ocrx_word' id='word_1_260' title='bbox 859 3553 946 3635; x_wconf 91' lang='lat' dir='ltr'><strong>loqui</strong></span> <span class='ocrx_word' id='word_1_261' title='bbox 969 3555 1054 3637; x_wconf 88' lang='lat' dir='ltr'><strong>apud</strong></span> <span class='ocrx_word' id='word_1_262' title='bbox 1077 3555 1173 3638; x_wconf 87' lang='lat' dir='ltr'><strong>alqm.</strong></span> <span class='ocrx_word' id='word_1_263' title='bbox 1219 3561 1269 3636; x_wconf 83' lang='lat'><strong>41,</strong></span> <span class='ocrx_word' id='word_1_264' title='bbox 1294 3559 1307 3617; x_wconf 88' lang='lat'>1</span> 
     </span>
     <span class='ocr_line' id='line_1_31' title="bbox 270 3658 1311 3749; baseline 0.005 -27"><span class='ocrx_word' id='word_1_265' title='bbox 270 3679 420 3724; x_wconf 87' lang='lat' dir='ltr'><strong>accusare</strong></span> <span class='ocrx_word' id='word_1_266' title='bbox 442 3658 531 3742; x_wconf 89' lang='lat' dir='ltr'><strong>apud</strong></span> <span class='ocrx_word' id='word_1_267' title='bbox 546 3658 642 3743; x_wconf 87' lang='lat' dir='ltr'><strong>alqm.</strong></span> <span class='ocrx_word' id='word_1_268' title='bbox 666 3660 772 3724; x_wconf 86' lang='lat' dir='ltr'><strong>Germ.</strong></span> <span class='ocrx_word' id='word_1_269' title='bbox 792 3663 839 3739; x_wconf 91' lang='grc'><strong>12,</strong></span> <span class='ocrx_word' id='word_1_270' title='bbox 859 3665 941 3723; x_wconf 82' lang='grc'><strong>1.-</strong></span> <span class='ocrx_word' id='word_1_271' title='bbox 967 3663 1048 3726; x_wconf 90' lang='lat' dir='ltr'><strong>Hist.</strong></span> <span class='ocrx_word' id='word_1_272' title='bbox 1067 3664 1091 3728; x_wconf 92' lang='lat'><strong>1.</strong></span> <span class='ocrx_word' id='word_1_273' title='bbox 1113 3669 1159 3744; x_wconf 82' lang='lat'><strong>18,</strong></span> <span class='ocrx_word' id='word_1_274' title='bbox 1177 3670 1195 3727; x_wconf 89' lang='lat'>6</span> <span class='ocrx_word' id='word_1_275' title='bbox 1221 3663 1311 3749; x_wconf 88' lang='lat' dir='ltr'><strong>Apud</strong></span> 
     </span>
     <span class='ocr_line' id='line_1_32' title="bbox 270 3767 1312 3855; baseline 0.007 -24"><span class='ocrx_word' id='word_1_276' title='bbox 270 3767 469 3849; x_wconf 82' lang='lat' dir='ltr'><strong>frequentem</strong></span> <span class='ocrx_word' id='word_1_277' title='bbox 498 3767 637 3832; x_wconf 89' lang='lat' dir='ltr'><strong>militum</strong></span> <span class='ocrx_word' id='word_1_278' title='bbox 666 3771 846 3835; x_wconf 86' lang='lat' dir='ltr'><strong>contionem</strong></span> <span class='ocrx_word' id='word_1_279' title='bbox 862 3807 903 3818; x_wconf 89' lang='lat'>-</span> <span class='ocrx_word' id='word_1_280' title='bbox 919 3775 1117 3855; x_wconf 86' lang='lat' dir='ltr'><strong>pronuntiat.</strong></span> <span class='ocrx_word' id='word_1_281' title='bbox 1156 3774 1197 3839; x_wconf 95' lang='lat' dir='ltr'><strong>ll.</strong></span> <span class='ocrx_word' id='word_1_282' title='bbox 1217 3780 1266 3855; x_wconf 90' lang='grc'><strong>63,</strong></span> <span class='ocrx_word' id='word_1_283' title='bbox 1283 3779 1312 3839; x_wconf 92' lang='grc'><strong>6.</strong></span> 
     </span>
     <span class='ocr_line' id='line_1_33' title="bbox 271 3876 1311 3964; baseline 0.007 -23"><span class='ocrx_word' id='word_1_284' title='bbox 271 3880 355 3956; x_wconf 91' lang='grc'><strong>90,1</strong></span> <span class='ocrx_word' id='word_1_285' title='bbox 380 3876 556 3940; x_wconf 91' lang='lat' dir='ltr'><strong>orationem</strong></span> <span class='ocrx_word' id='word_1_286' title='bbox 580 3899 735 3960; x_wconf 87' lang='lat' dir='ltr'><strong>promere.</strong></span> <span class='ocrx_word' id='word_1_287' title='bbox 775 3884 825 3958; x_wconf 83' lang='lat'><strong>96,</strong></span> <span class='ocrx_word' id='word_1_288' title='bbox 849 3885 866 3942; x_wconf 88' lang='grc'><strong>7</strong></span> <span class='ocrx_word' id='word_1_289' title='bbox 896 3883 981 3964; x_wconf 88' lang='lat' dir='ltr'><strong>apud</strong></span> <span class='ocrx_word' id='word_1_290' title='bbox 1010 3883 1127 3948; x_wconf 88' lang='lat' dir='ltr'><strong>milites</strong></span> <span class='ocrx_word' id='word_1_291' title='bbox 1153 3885 1311 3950; x_wconf 88' lang='lat' dir='ltr'><strong>disseruit.</strong></span> 
     </span>
     <span class='ocr_line' id='line_1_34' title="bbox 270 3986 1312 4069; baseline 0.007 -20"><span class='ocrx_word' id='word_1_292' title='bbox 270 3986 325 4050; x_wconf 92' lang='lat' dir='ltr'><strong>IV.</strong></span> <span class='ocrx_word' id='word_1_293' title='bbox 344 3989 393 4063; x_wconf 83' lang='lat'><strong>58,</strong></span> <span class='ocrx_word' id='word_1_294' title='bbox 414 3991 439 4049; x_wconf 91' lang='lat'><strong>1.</strong></span> <span class='ocrx_word' id='word_1_295' title='bbox 463 3986 519 4050; x_wconf 91' lang='lat' dir='ltr'><strong>XI.</strong></span> <span class='ocrx_word' id='word_1_296' title='bbox 536 3991 620 4066; x_wconf 83' lang='grc'><strong>35,7</strong></span> <span class='ocrx_word' id='word_1_297' title='bbox 644 3988 742 4053; x_wconf 85' lang='lat' dir='ltr'><strong>verba</strong></span> <span class='ocrx_word' id='word_1_298' title='bbox 763 3989 878 4055; x_wconf 85' lang='lat' dir='ltr'><strong>lacere.</strong></span> <span class='ocrx_word' id='word_1_299' title='bbox 918 3991 958 4054; x_wconf 93' lang='lat' dir='ltr'><strong>H.</strong></span> <span class='ocrx_word' id='word_1_300' title='bbox 977 3992 1012 4054; x_wconf 93' lang='lat' dir='ltr'><strong>V.</strong></span> <span class='ocrx_word' id='word_1_301' title='bbox 1030 3997 1079 4069; x_wconf 91' lang='grc'><strong>26,</strong></span> <span class='ocrx_word' id='word_1_302' title='bbox 1096 3997 1114 4055; x_wconf 89' lang='grc'><strong>5</strong></span> <span class='ocrx_word' id='word_1_303' title='bbox 1144 4015 1178 4057; x_wconf 90' lang='lat' dir='ltr'><strong>se</strong></span> <span class='ocrx_word' id='word_1_304' title='bbox 1206 3993 1312 4058; x_wconf 85' lang='lat' dir='ltr'><strong>delen-</strong></span> 
     </span>
    </p>
   </div>
   <div class='ocr_carea' id='block_1_7' title="bbox 269 4095 1312 4293">
    <p class='ocr_par' dir='ltr' id='par_1_7' title="bbox 269 4095 1312 4293">
     <span class='ocr_line' id='line_1_35' title="bbox 269 4095 1312 4185; baseline 0.005 -27"><span class='ocrx_word' id='word_1_305' title='bbox 269 4095 346 4159; x_wconf 88' lang='lat' dir='ltr'><strong>dere</strong></span> <span class='ocrx_word' id='word_1_306' title='bbox 369 4095 456 4178; x_wconf 87' lang='lat' dir='ltr'><strong>apud</strong></span> <span class='ocrx_word' id='word_1_307' title='bbox 478 4095 575 4179; x_wconf 91' lang='lat' dir='ltr'><strong>alqm.</strong></span> <span class='ocrx_word' id='word_1_308' title='bbox 606 4098 647 4163; x_wconf 90' lang='lat' dir='ltr'><strong>H.</strong></span> <span class='ocrx_word' id='word_1_309' title='bbox 666 4097 690 4161; x_wconf 92' lang='lat' dir='ltr'><strong>I.</strong></span> <span class='ocrx_word' id='word_1_310' title='bbox 712 4103 791 4177; x_wconf 92' lang='grc'><strong>19,1</strong></span> <span class='ocrx_word' id='word_1_311' title='bbox 817 4121 922 4163; x_wconf 86' lang='lat' dir='ltr'><strong>sermo</strong></span> <span class='ocrx_word' id='word_1_312' title='bbox 943 4101 1029 4185; x_wconf 87' lang='lat' dir='ltr'><strong>apud</strong></span> <span class='ocrx_word' id='word_1_313' title='bbox 1051 4100 1145 4184; x_wconf 91' lang='lat' dir='ltr'><strong>alqm.</strong></span> <span class='ocrx_word' id='word_1_314' title='bbox 1171 4103 1228 4167; x_wconf 93' lang='lat' dir='ltr'><strong>lll.</strong></span> <span class='ocrx_word' id='word_1_315' title='bbox 1247 4106 1312 4180; x_wconf 83' lang='grc'><strong>6,4</strong></span> 
     </span>
     <span class='ocr_line' id='line_1_36' title="bbox 271 4202 1312 4293; baseline 0.007 -28"><span class='ocrx_word' id='word_1_316' title='bbox 271 4202 326 4266; x_wconf 91' lang='lat' dir='ltr'><strong>IV.</strong></span> <span class='ocrx_word' id='word_1_317' title='bbox 344 4206 394 4281; x_wconf 88' lang='grc'><strong>52,</strong></span> <span class='ocrx_word' id='word_1_318' title='bbox 414 4209 440 4267; x_wconf 89' lang='grc'><strong>1.</strong></span> <span class='ocrx_word' id='word_1_319' title='bbox 464 4207 560 4282; x_wconf 85' lang='grc'><strong>41,9.</strong></span> <span class='ocrx_word' id='word_1_320' title='bbox 589 4203 629 4268; x_wconf 89' lang='lat' dir='ltr'><strong>cl.</strong></span> <span class='ocrx_word' id='word_1_321' title='bbox 645 4205 683 4269; x_wconf 90' lang='lat' dir='ltr'><strong>V.</strong></span> <span class='ocrx_word' id='word_1_322' title='bbox 705 4208 752 4280; x_wconf 91' lang='grc'><strong>16,</strong></span> <span class='ocrx_word' id='word_1_323' title='bbox 770 4210 798 4269; x_wconf 89' lang='grc'><strong>6.</strong></span> <span class='ocrx_word' id='word_1_324' title='bbox 825 4245 860 4254; x_wconf 89' lang='lat'>-</span> <span class='ocrx_word' id='word_1_325' title='bbox 908 4208 948 4271; x_wconf 91' lang='lat' dir='ltr'><strong>H.</strong></span> <span class='ocrx_word' id='word_1_326' title='bbox 966 4209 1007 4272; x_wconf 90' lang='lat' dir='ltr'><strong>ll.</strong></span> <span class='ocrx_word' id='word_1_327' title='bbox 1025 4214 1115 4288; x_wconf 83' lang='grc'><strong>79,5</strong></span> <span class='ocrx_word' id='word_1_328' title='bbox 1148 4210 1312 4293; x_wconf 84' lang='lat' dir='ltr'><strong>„quamvis</strong></span> 
     </span>
    </p>
   </div>
   <div class='ocr_carea' id='block_1_8' title="bbox 0 0 1452 4774">
    <p class='ocr_par' dir='ltr' id='par_1_8' title="bbox 0 0 1452 4774">
     <span class='ocr_line' id='line_1_37' title="bbox 0 0 1452 4774; baseline 0 0"><span class='ocrx_word' id='word_1_329' title='bbox 0 0 1452 4774; x_wconf 95' lang='lat' dir='ltr'><strong> </strong></span> 
     </span>
    </p>
   </div>
  </div>
 </body>
</html>
