2894 4774
713 347 751 412 la

209 528 242 593 in
266 529 351 595 hunc
373 530 478 596 locum
500 551 563 596 non
585 531 733 615 quadrat,
755 531 832 614 quia
853 529 950 594 verba
971 551 1030 615 per
1051 554 1084 598 se
1106 539 1252 618 spectata

127 701 131 710 ,
209 637 327 703 bonum
359 659 486 705 sensum
515 640 655 706 fundunt
684 661 786 725 neque
823 661 950 706 sensum
986 621 1091 707 icrbis
1120 643 1250 710 aliunde

209 748 395 832 supplendis
422 749 581 814 invertere
611 769 738 822 necesse
769 755 827 814 est.
882 747 915 814 si
937 750 1021 814 enim
1042 752 1251 835 praepositio-

130 903 136 916 .
209 875 282 921 nem
308 857 431 941 „apud“
455 855 647 942 supplemus,
671 857 883 942 supplendum
907 865 1105 942 quoqueest
1119 866 1250 944 propter

207 965 376 1030 verborum
398 966 647 1032 concinnitatem
671 967 723 1049 „in
746 967 937 1050 provinciis“
963 976 1042 1046 (non
1066 969 1118 1048 „in
1139 969 1249 1047 urbe“,

206 1073 291 1156 quod
314 1074 417 1156 primo
441 1075 572 1153 obtutu,
610 1074 636 1137 si
666 1073 791 1158 ellipsin
821 1074 956 1158 accipis,
994 1075 1094 1139 videri
1123 1077 1248 1160 possit),

206 1204 289 1266 quae
305 1184 401 1249 rerba
424 1186 494 1269 ipsa
511 1186 580 1270 jam
596 1187 706 1251 insunt
720 1187 754 1249 in
779 1184 938 1267 „legiones
954 1185 1143 1268 ducesque.“
1190 1185 1249 1250 Est

206 1312 281 1356 vero
303 1294 434 1359 verbum
460 1297 677 1376 ,conciverat“
701 1297 820 1380 duplici
850 1295 943 1360 modo
974 1294 1110 1372 dictum,
1149 1315 1248 1377 quum

204 1400 239 1465 in
259 1402 360 1484 priori
382 1403 524 1469 membro
546 1425 619 1470 cum
643 1406 768 1486 „varios
790 1409 915 1470 motus“
939 1409 971 1468 et
993 1402 1026 1466 in
1050 1403 1151 1468 altero
1174 1425 1247 1467 cum

207 1509 367 1594 „legiones
400 1511 577 1596 ducesque“
607 1515 814 1599 conjunctum
844 1515 896 1579 sit.
963 1511 1033 1576 Hac
1069 1512 1246 1577 variatione

204 1618 302 1683 etiam
324 1620 451 1703 gravior
473 1623 705 1688 sententiarum
727 1622 886 1706 oppositio
907 1619 1051 1686 efficitur.
1077 1691 1093 1718 0

290 1727 407 1794 Forma
428 1730 625 1814 anaphoras,
650 1753 746 1816 quam
770 1731 876 1797 studio
898 1731 1038 1814 quodam
1060 1731 1092 1794 in
1115 1729 1246 1814 quibus·

203 1839 277 1903 dam
300 1839 591 1923 praepositionibus
613 1845 650 1905 ut
679 1842 748 1921 „in,
771 1841 856 1918 sine,
878 1843 954 1923 per“
985 1837 1038 1918 (cf.
1062 1838 1249 1904 Weinkauff

203 1948 242 2013 de
264 1948 375 2015 Tacito
396 1949 526 2034 dialogi,
548 1953 604 2036 qui
626 1953 665 2018 de
681 1951 870 2018 Oratoribus
891 1949 1089 2027 inscribitur,
1113 1954 1245 2014 auctore

206 2061 285 2121 1857
301 2081 332 2142 p.
344 2061 397 2137 30)
420 2058 549 2124 Tacitus
564 2081 640 2124 usus
657 2067 714 2140 est,
731 2062 758 2126 si
773 2059 815 2125 ad
830 2058 1100 2144 praepositionem
1117 2059 1242 2143 „apud“

201 2167 342 2249 respicis,
364 2166 469 2232 rarior
489 2167 667 2233 invenitur:
689 2167 772 2232 Dial.
797 2171 847 2246 30,
873 2147 910 2232 l5
935 2189 988 2248 „ae
1010 2168 1099 2250 apud
1118 2168 1244 2246 (11111-

201 2275 284 2340 cium
307 2277 362 2360 jus
383 2277 475 2342 civile
505 2275 674 2358 didicisse,
710 2279 799 2362 apud
820 2278 986 2343 Philonem
1009 2277 1243 2358 Academicum,

200 2388 289 2469 apud
309 2386 482 2453 Diodotum
505 2387 646 2454 Stoicum
669 2409 780 2454 omnes
806 2386 1025 2474 philosophiae
1055 2389 1164 2470 partes
1190 2407 1244 2470 pe·

202 2497 290 2562 nitus
312 2497 484 2562 hausisse.“
530 2497 784 2580 Germ.10,16.
823 2501 906 2567 Hist.
931 2499 956 2564 I.
983 2504 1031 2579 10,
1055 2503 1083 2566 9.
1122 2499 1163 2564 Η.
1187 2499 1242 2566 IV.

201 2607 251 2685 58,
278 2611 324 2671 19.

285 2715 502 2800 Aacstropdes
532 2737 637 2802 pauca
675 2721 803 2782 tantum
838 2717 873 2783 in
909 2717 971 2783 bac
1006 2716 1244 2802 praepositione

200 2823 346 2908 exempla
372 2830 509 2889 exstant.
553 2824 774 2910 Transpositio
802 2827 879 2907 illa,
916 2848 1000 2911 quae
1031 2849 1068 2892 co
1099 2826 1243 2906 efficitur,

200 2937 237 2996 ut
264 2931 348 2996 inter
378 2932 571 2998 attributum
600 2936 634 2997 et
663 2934 898 3001 substantivum
927 2936 1123 3020 praepositio
1145 2957 1242 3020 pona·

199 3048 269 3121 tur,
299 3042 340 3107 ab
362 3042 509 3108 omnibus
531 3045 741 3130 scriptoribus
762 3047 885 3112 usitata
907 3067 972 3111 non
993 3046 1057 3110 nisi
1078 3046 1112 3110 in
1135 3047 1243 3112 Anna-

198 3150 283 3216 libus
305 3149 424 3234 legitur
446 3153 470 3218 1.
494 3159 545 3234 45,
569 3159 598 3220 3.
622 3154 681 3222 III.
704 3161 756 3236 45,
779 3163 809 3220 7.
833 3157 901 3222 XV.
925 3159 976 3236 60,
1001 3159 1039 3220 18
1064 3158 1243 3240 ,sexagesi-

198 3279 284 3324 mum
309 3261 396 3344 apud
418 3261 588 3347 lapidem.“
633 3264 674 3328 11.
699 3269 749 3346 88,
776 3271 812 3330 lb
845 3265 1021 3346 ,barbaras
1050 3267 1136 3350 apud
1167 3287 1242 3350 gen-

198 3373 277 3434 tes.“
322 3369 411 3435 XIII.
436 3374 487 3452 57,
515 3376 544 3435 7.
581 3371 756 3453 111.ac‚7
792 3375 991 3460 ,multosque
1025 3377 1112 3461 apud
1142 3398 1242 3462 popu-

196 3593 270 3648 filius
292 3609 348 3648 non
371 3592 400 3647 in
422 3594 493 3649 cella
511 3598 619 3664 emptae
637 3595 768 3665 nutricis,
800 3596 849 3652 sed
872 3595 978 3666 gremio
1003 3613 1036 3652 sc
1061 3597 1123 3652 sinu
1146 3601 1243 3656 matris

197 3691 392 3746 educabatur.“
427 3691 620 3761 Compluribus
638 3693 706 3750 locis
723 3693 793 3749 haec
805 3694 909 3765 ellipsis
921 3697 1061 3752 invenitur
1074 3699 1149 3768 apud
1161 3700 1240 3756 Corn.

197 3787 334 3856 Nepotem
352 3787 413 3842 v11.
434 3791 457 3856 1,
478 3791 502 3842 a.
526 3792 551 3857 2,
570 3792 596 3843 2.
622 3792 646 3859 3,
666 3793 691 3844 a.
718 3791 766 3842 rx.
786 3793 810 3859 s,
830 3795 854 3845 2.
882 3791 943 3845 x11.
962 3795 986 3860 e,
1006 3796 1032 3846 4.
1058 3795 1144 3851 xxv,
1163 3799 1242 3866 rar

197 3885 226 3936 et
249 3882 323 3951 apud
345 3881 564 3950 Quintilianum,
600 3901 668 3951 quos
696 3887 835 3955 congessit
858 3888 975 3943 Bonnell
998 3891 1103 3962 proleg.
1128 3895 1164 3948 ad
1188 3894 1241 3950 lex.

197 3976 289 4048 Quint,
309 3993 335 4045 p.
354 3973 465 4033 XXXV.
496 3976 531 4031 cf.
550 3977 630 4032 Beier
647 3978 683 4032 ad
701 3978 756 4032 Cic.
774 3979 848 4035 Lael.
868 3984 901 4034 21
921 3999 947 4050 p.
963 3987 1028 4054 119,
1048 3986 1095 4054 qui
1115 3987 1186 4042 hanc
1205 3990 1243 4042 el·

194 4071 278 4140 lipsin
297 4089 312 4124 e
325 4071 491 4126 Graecorum
504 4087 637 4142 sermone,
656 4072 704 4127 ubi
721 4073 789 4127 satis
801 4075 931 4144 frequens
945 4082 987 4132 cst
1005 4079 1143 4151 (Krneger
1153 4097 1242 4152 gram.

196 4183 237 4236 gr.
256 4165 280 4236 §-
301 4169 343 4220 68.
362 4169 403 4236 9),
421 4167 550 4236 explicat.
