2894 4774
770 325 812 385 46

268 501 334 564 dux
356 519 482 564 servare
503 499 629 578 debuit,
652 499 781 562 dissolvi
802 500 996 583 patiebatur.
1041 502 1181 568 Verbum
1203 505 1312 587 igitur,

269 609 354 694 quod
382 615 431 674 est
461 613 666 693 „‚oorruptus“
697 629 735 673 eo
764 629 859 674 sensu
887 607 1126 694 accipiendum,
1164 633 1227 696 quo
1253 635 1312 679 nos

269 739 394 803 quoqne
416 720 551 783 dicimus
574 719 787 798 „verdorbeffl
810 723 831 785 i.
848 743 874 784 e.
897 720 1048 800 schlecht‚
1072 723 1178 787 nichts
1200 725 1310 789 wertb.

269 827 333 890 Alii
356 827 410 908 (ef.
427 828 518 910 Rup.‚
543 826 627 890 Roth
651 827 706 910 [ad
728 829 804 910 Agr.
820 852 852 912 p.
869 831 961 914 238],
984 831 1135 896 Petersen
1158 838 1231 910 cet.)
1254 834 1310 898 ali-

268 943 317 1002 ter
339 937 379 1001 de
401 937 551 1002 hocloco
573 943 750 1001 senserunt.
773 975 815 986 -
838 940 878 1004 H.
895 941 920 1004 I.
937 946 965 1018 3,
982 947 1010 1005 4.
1034 942 1094 1009 ΙΙΙ,
1111 947 1160 1023 69,
1176 947 1213 1006 27
1234 944 1311 1024 „mi-

267 1047 313 1110 les
336 1047 405 1111 adv.
429 1047 573 1132 pericula
594 1047 699 1126 ferox,
736 1046 899 1114 laboribus
926 1055 959 1114 et
988 1050 1105 1134 vigiliis
1126 1072 1239 1136 perum
1262 1054 1308 1117 in·

267 1162 376 1221 tentus
398 1162 498 1222 erat.“
545 1157 599 1223 IV.
617 1159 646 1236 2,
665 1160 703 1218 14
729 1156 857 1235 „tristes
886 1161 918 1220 et
940 1159 1010 1222 adv.
1035 1158 1167 1242 plausus
1196 1181 1235 1224 ec
1264 1161 1308 1224 la-

266 1267 397 1331 sciviam
412 1267 597 1331 insultantis
611 1266 698 1350 vulgi
720 1265 916 1360 inmobiles.“
950 1271 1033 1332 dnn.
1050 1269 1075 1334 l.
1092 1275 1142 1349 65,
1162 1275 1200 1334 14
1224 1271 1311 1351 „len-

267 1383 319 1440 tae
342 1377 412 1441 adv.
436 1376 572 1460 imperio
594 1383 718 1442 eures.“
757 1379 799 1442 ΙΙ.
817 1383 903 1456 71‚3
928 1379 981 1459 „Si
1004 1379 1071 1444 feto
1093 1380 1309 1458 concederem,

262 1487 369 1569 justus
391 1486 469 1550 mihi
492 1486 582 1551 dolor
604 1488 700 1550 etiam
724 1486 795 1551 adv.
819 1487 896 1550 deos
918 1495 1015 1566 esset,
1044 1489 1129 1570 quod
1153 1493 1212 1537 -“
1238 1509 1309 1573 „ge-

266 1597 357 1660 recht
378 1596 476 1662 selbst
498 1597 560 1661 den
576 1595 712 1662 Gb'ttern
735 1599 944 1682 gegeniiber.“
973 1599 1310 1683 lV.69,14„pavens

265 1705 392 1785 civitas,
424 1711 535 1788 tegens
557 1705 629 1769 cdv.
653 1707 835 1789 proximos“
862 1710 1053 1792 „versichtig
1075 1713 1205 1792 gegeu.“
1251 1709 1308 1774 VI.

269 1819 351 1894 13,3
376 1814 543 1896 „licentius
571 1815 746 1899 efflagitata
773 1841 869 1903 quam
892 1821 1020 1886 solitum
1043 1821 1114 1884 adv.
1137 1821 1309 1904 imperato-

264 1929 362 1988 rem.“
407 1927 492 1992 XIV.
510 1930 538 2004 3,
556 1930 575 1990 8
600 1926 735 2006 „mulier
755 1947 816 1992 usu
839 1929 993 1995 scelerum
1016 1932 1087 1995 adv.
1104 1929 1238 1994 insidias
1260 1931 1308 1994 in-

264 2038 382 2098 tenta.“
427 2035 512 2100 XVI.
529 2039 593 2114 4,5
620 2037 723 2117 „Nero
745 2039 826 2103 nihil
846 2040 970 2106 ambitu
992 2061 1051 2104 nec
1072 2044 1231 2123 potestate
1260 2059 1308 2101 se

263 2150 359 2207 natus
381 2164 461 2227 opus
483 2165 551 2208 esse
574 2145 743 2225 dictitans,
781 2167 814 2213 se
843 2169 980 2232 acquum
1011 2126 1082 2212 adr.
1105 2145 1247 2211 aemulos
1275 2150 1309 2210 et

263 2253 416 2336 religione
435 2254 580 2336 judicum
604 2257 753 2321 meritam
774 2257 903 2322 laudem
925 2256 1170 2334 adsecuturum,
1203 2255 1308 2339 primo

196 2415 198 2418 .
263 2383 392 2427 carmen
422 2363 455 2426 in
484 2383 580 2427 scena
602 2365 746 2429 recitat.“
792 2365 918 2449 Lipsius
940 2365 1059 2446 aliique
1081 2364 1232 2428 hocloco
1254 2383 1309 2426 ex-

262 2473 401 2556 plicent:
441 2492 494 2552 „se
516 2473 686 2555 aequalem
708 2479 741 2537 et
762 2492 873 2557 parem
894 2472 928 2535 in
951 2471 1011 2536 hoc
1032 2473 1225 2536 certamine“
1251 2459 1307 2552 „ei

262 2584 327 2662 sei,
364 2581 453 2646 suble
482 2583 548 2649 sich
580 2581 764 2665 gewachsen
793 2582 901 2645 seinen
923 2580 1166 2646 Mitbewerbern
1194 2601 1309 2664 gegan-

262 2692 379 2758 iiber“:
410 2713 492 2777 quae
514 2691 687 2775 explicatio
710 2690 848 2755 maxime
870 2689 992 2754 arridet
1013 2697 1145 2775 propter
1167 2696 1307 2754 structu·

262 2824 332 2867 rem
355 2805 454 2868 totius
470 2803 638 2880 enuntiati,
658 2803 770 2884 inquo
786 2795 882 2864 ve'rba
906 2821 959 2880 „se
983 2849 990 2863 .
1009 2851 1015 2863 .
1033 2850 1040 2864 .
1058 2806 1306 2865 assecuturum“

262 2915 444 2997 epexegesis
472 2919 548 2978 sunt
578 2913 620 2978 ad
652 2912 753 2994 „nibil
780 2951 820 2961 -
844 2951 885 2960 -
916 2932 996 2996 opus
1025 2917 1112 2978 esse“
1143 2918 1240 2994 atque
1270 2919 1308 2976 ut

262 3024 359 3089 verbe
377 3029 556 3108 „pot-estate
572 3027 720 3088 senatus“
738 3023 934 3107 respondent
955 3022 1128 3106 „religione
1140 3021 1306 3104 judicum“

263 3134 309 3198 sic
337 3133 469 3218 pulchre
500 3153 568 3198 sese
596 3133 760 3216 excipiunt
793 3131 954 3212 „ambitu“
986 3137 1018 3195 et
1049 3151 1207 3214 „aequum
1234 3131 1306 3194 adv.

263 3247 365 3308 aem.“
412 3243 474 3308 Sed
497 3243 634 3307 maxime
653 3240 874 3320 dubitandum,
897 3261 973 3304 num
989 3240 1058 3304 voci
1082 3244 1222 3322 „aequo“
1247 3239 1307 3304 hoc

261 3354 331 3417 loco
359 3359 396 3417 ut
425 3353 459 3416 in
488 3353 561 3417 aliis
589 3348 782 3416 dictionibus
811 3347 859 3410 vis
883 3347 989 3426 verbi,
1026 3347 1113 3430 quod
1135 3353 1184 3411 est
1208 3351 1305 3430 „par“

263 3463 361 3528 tribui
390 3464 499 3547 possit.
544 3464 647 3541 Quam
677 3461 716 3525 ob
731 3525 732 3528 ,
749 3480 879 3524 causam
909 3458 1013 3523 lacere
1043 3477 1106 3522 non
1128 3476 1307 3542 possumus,

263 3573 341 3656 quin
364 3571 535 3651 Orellium,
567 3572 796 3656 Nipperdeium
819 3571 920 3634 secuti
942 3568 1151 3652 explicemus:
1190 3588 1224 3631 se
1250 3565 1307 3630 ad·

262 3696 397 3744 versum·
410 3679 552 3744 aemulos
573 3700 612 3743 ex
635 3700 737 3762 aequo
759 3698 853 3762 agere
876 3683 971 3741 exuto
994 3677 1138 3761 principe
1162 3675 1213 3756 „in
1230 3675 1306 3758 glei-

263 3790 339 3855 cher
362 3789 507 3872 Stellung
531 3790 592 3855 den
615 3789 859 3854 Mitbewerbern
883 3786 1092 3870 gegeniiber.“
1172 3769 1176 3778 ’

347 3903 380 3980 e)
423 3877 528 3977 Quum
544 3898 643 3982 igitur
669 3898 858 3978 „adversus“
882 3896 1009 3960 dicatur
1031 3896 1070 3962 de
1093 3895 1147 3975 eie,
1170 3915 1306 3979 quorum

262 4009 372 4092 aliqua
394 4014 444 4072 est
464 4009 548 4071 inter
571 4029 603 4072 se
625 4008 758 4086 relatio,
796 4007 946 4088 notisque
975 4006 1159 4070 directionis
1187 4006 1221 4069 in
1249 4005 1306 4069 ali-

262 4139 359 4202 quam
380 4137 551 4201 personam
573 4118 623 4183 vel
653 4137 721 4180 rem
748 4135 859 4180 versus
880 4115 942 4180 hac
963 4116 1200 4200 praepositione
1222 4135 1306 4180 com-

259 4225 494 4311 prehendatur,
529 4245 587 4310 per
615 4245 649 4290 se
671 4243 891 4309 quemcunque
913 4225 1013 4290 animi
1035 4230 1185 4291 conatum
1207 4225 1306 4290 eonti-
