2894 4774
672 389 710 451 al

170 569 214 635 ad
235 568 310 634 fem.
328 568 388 634 III.
405 573 434 646 8,
453 572 466 632 1
483 573 553 635 eto.
582 569 625 633 A
651 567 743 634 ‚vario
765 566 928 632 Ciceronis
956 590 1016 634 usu
1039 570 1139 654 longe
1166 593 1215 637 re-

170 682 335 742 cesserunt
349 655 456 742 rerum
472 676 697 742 historicarum
708 669 894 759 iscriptores,
916 696 1013 760 quum
1030 679 1117 762 apud
1137 682 1213 745 an—

169 807 273 848 eorem
296 805 422 870 semper
445 786 527 866 „ad“
559 787 740 871 reperiatur
768 790 901 869 excepto
930 807 995 851 uno
1023 787 1093 853 looo
1109 789 1153 854 .in
1176 790 1213 854 B.

169 895 206 960 G.
216 895 295 960 ¹VII.
312 899 363 974 75,
383 899 395 958 l
424 895 528 976 „Dum
549 896 629 962 haec
643 896 730 982 apud
745 895 886 961 Alesiam
901 901 1075 979 geruntur“
1101 904 1134 963 et
1149 919 1214 963 uno

169 1003 202 1068 in
226 1003 263 1067 Β.
281 1003 314 1067 O.
331 1001 390 1068 111.
407 1007 457 1082 57,
477 1008 490 1066 l
518 1003 628 1085 „Haec
643 1027 716 1070 cum
730 1006 764 1070 in
780 1005 904 1096 Achaia
918 1010 1016 1089 atque
1031 1007 1118 1091 apud
1134 1007 1214 1090 Dyr-

169 1109 313 1175 rachium
337 1116 556 1194 gererentnr“‚
579 1095 662 1176 sicut
685 1113 791 1196 „apud
808 1111 1003 1178 Corfinium“
1025 1114 1060 1178 in
1075 1115 1214 1198 epistula

171 1217 212 1282 ad
235 1217 371 1303 Oppium
392 1219 486 1300 inest,
509 1240 592 1303 quae
614 1219 732 1302 legitur
752 1221 838 1286 inter
861 1219 960 1285 Cicer.
984 1219 1025 1286 ad
1042 1222 1137 1288 Attio.
1156 1223 1212 1303 IX,

171 1325 231 1390 70
253 1327 280 1410 ξ.
299 1331 326 1393 1.
372 1326 484 1391 Liuius
506 1347 632 1411 qnoque
654 1347 719 1391 uno
732 1326 877 1411 exemplo
899 1327 977 1407 inl.
994 1329 1144 1396 XXVIII.
1161 1335 1212 1406 29,

173 1438 210 1498 12
241 1434 346 1516 „bunc
367 1436 463 1502 finem
485 1437 671 1519 exitumque
693 1434 807 1502 seditio
828 1435 967 1501 militum
991 1443 1104 1523 coepta
1125 1441 1215 1524 apud

169 1544 343 1610 Sucronem
365 1544 498 1611 habuit“
521 1549 671 1630 excepto,
700 1565 797 1628 quum
820 1565 953 1626 nomen,
976 1547 1061 1631 quod
1084 1554 1133 1614 est
1154 1549 1213 1615 Su-

169 1673 240 1733 cro,
271 1652 419 1719 hocloco
441 1653 481 1718 de
502 1651 634 1718 flumine
657 1652 877 1738 accipiendum
899 1673 967 1720 esse
988 1654 1042 1720 vix
1063 1657 1213 1727 credibile

169 1762 212 1827 sit
234 1761 287 1841 (of.
300 1785 331 1846 p.
345 1764 406 1846 15),
428 1784 555 1847 semper
577 1763 657 1844 „ad“
681 1765 858 1849 usurpavit,
886 1764 977 1848 eujus
991 1765 1024 1829 in
1039 1764 1154 1846 locum,
1176 1773 1214 1832 ut

168 1871 346 1936 Freundiur
370 1873 423 1952 (cf.
434 1873 495 1938 lex.
510 1893 533 1936 s.
545 1895 573 1936 v.
587 1872 683 1956 „ad“)
698 1875 831 1950 monuit,
853 1872 895 1939 ab
910 1894 947 1939 eo
963 1874 1061 1940 semel
1075 1875 1211 1956 (XXIII.

167 1985 220 2060 43,
235 1986 270 2059 4)
293 1981 457 2066 genetivus
478 1987 527 2047 est
547 1984 713 2062 admissus,
736 2003 830 2069 quem
845 2005 915 2049 ‘uno
928 1984 998 2049 loco
1012 1984 1111 2049 etiam
1125 1984 1212 2069 apud

174 2091 351 2154 Cornelium
381 2094 533 2174 Nepotem
562 2093 683 2158 XXIII.
706 2097 735 2171 4,
762 2098 775 2156 1
809 2092 983 2173 „alacrior
1011 2115 1071 2178 pro
1105 2093 1212 2178 „apud

169 2199 380 2266 Clastidium‘
412 2200 537 2286 (Bromi
564 2198 684 2282 aliique
713 2199 910 2282 scripserunt
939 2199 999 2278 „de
1023 2200 1212 2284 Clastidio“)

167 2309 356 2386 invenimus,
378 2309 464 2392 quod
486 2312 594 2372 autem
616 2304 722 2371 verbis
745 2306 850 2390 „apud
865 2307 1020 2389 Padnm“‚
1043 2331 1125 2393 quae
1147 2315 1212 2376 sta

167 2419 226 2483 lim
249 2424 442 2502 sequuntur,
473 2422 661 2482 excusatur:
696 2417 843 2482 omnibus
864 2419 979 2482 ceteris
1001 2418 1080 2484 loeis
1101 2425 1210 2485 tamen

167 2526 403 2612 praepositione
433 2526 557 2610 „apud“
588 2545 664 2589 usus
693 2528 751 2588 est.
818 2524 926 2590 Etiam
954 2526 1127 2596 Sallustius
1157 2527 1209 2608 (cf.

169 2635 297 2702 Dietsoh
321 2634 363 2699 ad
384 2635 522 2718 Jugao,
540 2640 566 2698 1.
589 2638 700 2718 57,1),
723 2639 761 2699 ut
778 2634 848 2718 jam
863 2634 1000 2700 Fabrius
1021 2636 1211 2716 observavit,

167 2764 292 2831 semper
313 2745 479 2828 usurpavit
501 2744 643 2829 „apud“,
680 2765 779 2828 quum
802 2743 882 2825 „ad“
907 2743 993 2829 apud
1016 2765 1088 2809 eum
1111 2745 1212 2810 direc-

40 2849 46 2854 ’
166 2855 287 2920 donem
310 2859 437 2919 tantum
459 2855 500 2920 ad
516 2855 647 2940 aliquod
662 2856 814 2940 oppidum
830 2877 940 2921 versus
954 2855 1092 2921 indicet:
1117 2875 1213 2940 quem

167 2985 260 3029 usum
283 2964 369 3049 apud
391 2965 546 3048 Nepotem
569 2985 633 3029 non
655 2963 765 3030 habea.
810 2965 901 3044 Quod
924 2964 966 3029 ad
993 2965 1137 3030 Tacitum
1163 2971 1213 3029 at

166 3072 258 3151 tinet,
280 3072 381 3136 solam
403 3073 672 3158 praepositionem
697 3072 821 3156 „apud“
845 3073 885 3138 ad
909 3073 1152 3157 significandam
1167 3074 1212 3140 vi·

168 3183 334 3259 cinitatem
354 3184 482 3251 urbium
497 3187 680 3251 nominibus
694 3184 852 3268 adjungit,
875 3182 929 3248 sed
946 3183 987 3249 ad
1004 3183 1212 3250 directionem

167 3294 210 3360 ad
231 3295 374 3379 aliquam
395 3294 508 3360 urbem
530 3315 640 3360 versus
663 3291 904 3377 exprimendam
919 3311 1077 3375 nusquam
1092 3291 1126 3355 in
1143 3292 1213 3376 ejus

167 3406 294 3490 scriptis
308 3404 504 3490 praepositio
529 3405 610 3486 „ad“
633 3405 803 3483 invenitur,
827 3401 889 3467 uisi
903 3401 1039 3465 fortasse
1053 3399 1212 3485 quispiam

168 3514 230 3581 huc
252 3515 355 3581 trahit
377 3515 482 3580 locum
502 3513 537 3577 in
560 3513 643 3578 Hist.
660 3513 713 3577 lib.
734 3512 894 3590 111.7e‚1
921 3510 995 3591 „ad-
1005 3509 1091 3575 Saxa
1112 3510 1213 3576 rubra

167 3625 284 3704 venit“‚
306 3625 388 3690 sicut
403 3643 538 3708 quoqne,
562 3644 662 3709 quum
677 3624 847 3690 antecedat
860 3619 991 3687 verbum
1008 3620 1212 3704 „oppidum“‚
1277 3623 1278 3626 ’

172 3733 235 3799 hnc
255 3754 319 3799 non
340 3733 483 3818 pertinet
503 3755 586 3800 unus
608 3734 698 3800 locus
718 3734 752 3799 in
769 3734 849 3798 dnn.
866 3731 921 3796 lib.
935 3730 994 3795 111.
1012 3736 1039 3809 1,
1056 3734 1074 3794 7
1101 3750 1212 3812 „ruere

100 3887 101 3892 κ
168 3843 209 3908 ad
238 3843 390 3928 oppidum
420 3843 660 3909 Brundisium.“
706 3841 789 3922 Quid
812 3840 939 3905 Plinius
965 3839 1142 3924 scripturus
1162 3838 1211 3904 fu-

167 3951 238 4031 erit,
261 3951 412 4017 constitui
433 3975 499 4018 non
518 3959 633 4038 potest,
656 3973 755 4038 quum
777 3956 810 4016 et
831 3951 865 4015 in
888 3949 1033 4032 epistulis
1054 3947 1135 4012 etin
1150 3947 1211 4012 Pa-

168 4061 315 4146 negyrico
337 4061 485 4147 exempla
506 4063 612 4128 desint
639 4063 692 4144 (of.
709 4063 750 4128 11.
765 4067 826 4144 8,]
848 4095 884 4122 .-=
902 4061 957 4126 IX.
975 4065 1036 4138 7‚1
1061 4059 1104 4124 ad
1124 4059 1210 4144 Traj.

168 4170 313 4252 LXXXI,
333 4174 347 4235 l
371 4191 485 4256 paneg.
502 4174 567 4252 35).
611 4171 706 4256 Apud
729 4169 912 4236 Suetonium
939 4174 1047 4234 autem
1069 4170 1210 4253 quinque
