2894 4774
693 377 735 439 53

194 556 266 635 mit)
288 553 519 633 fortitudinem,
541 573 638 637 quam
653 552 793 619 habebat
807 557 841 617 et
854 552 948 617 modo
962 551 996 617 in
1010 551 1130 618 amieos
1144 571 1236 634 pree·

195 664 340 741 niteret,
361 661 528 747 paululum
549 661 691 726 mollitus
711 669 796 735 wat,
820 660 854 726 id
877 660 961 744 quod
984 667 1097 726 contra
1119 660 1236 726 doctri·

195 793 271 838 nam
300 791 392 838 suam
420 776 454 836 et
490 790 569 852 „sua
595 769 696 854 ipsius
722 773 897 854 praecepta
926 758 1123 852 sapientia&
1153 775 1234 835 erat.

195 880 368 946 Consentio
389 878 487 960 igitur
502 898 574 964 cnm
589 876 707 943 Rothio
729 875 785 953 (ad
801 877 876 958 Agr.
891 899 922 960 p.
939 857 1027 955 233),
1050 877 1106 960 qui
1128 881 1236 942 tamen

194 1009 259 1054 uon
280 987 322 1053 ab
343 987 429 1052 omni
449 990 543 1070 perte
563 989 649 1050 recte
668 984 801 1068 judicat
1040 1003 1045 1016 ·

279 1102 312 1178 g)
356 1095 501 1179 Denique
527 1095 825 1160 commemorandus
858 1100 908 1161 est
935 1095 963 1161 is
990 1095 1237 1180 praepositionis

112 1205 119 1218 '
197 1202 388 1284 „adversus“
411 1222 488 1267 usus
510 1203 631 1269 notIoni
654 1202 802 1273 inimices
824 1205 961 1272 maxime
983 1211 1151 1290 cognatus,
1173 1226 1238 1288 quo

196 1314 388 1382 transfertur
410 1313 461 1380 ad*
474 1313 701 1393 defensionem,
724 1335 788 1398 qua
811 1315 882 1398 quis
904 1314 1026 1380 hostem
1044 1319 1102 1380 aut
1116 1314 1236 1380 malum

196 1425 416 1510 qualecunque
444 1421 572 1506 repellit
600 1427 657 1487 aut
686 1442 753 1487 sese
780 1427 889 1489 tuetur
907 1428 943 1504 ¹).
987 1422 1050 1490 Sed
1078 1422 1139 1488 hac
1160 1444 1238 1506 quo·

195 1556 258 1621 qne
279 1535 313 1600 in
335 1554 370 1599 re
391 1553 468 1600 usus
482 1533 729 1618 praepositionis
753 1537 911 1614 „eontro“,
934 1553 1016 1616 qnae
1031 1533 1166 1602 eandem
1181 1533 1238 1600 ha·

195 1644 250 1710 bet
270 1641 543 1728 significationem,
566 1639 703 1707 multum
725 1640 811 1724 apud
826 1641 972 1708 Tacitum
994 1621 1238 1727 6616666666-

195 1753 273 1819 tior:
297 1755 371 1836 Agr.
386 1756 437 1830 45,
457 1753 494 1816 12
519 1749 645 1831 „rubor
668 1771 731 1833 quo
753 1770 786 1815 se
808 1757 921 1818 contra
941 1752 1097 1836 pudorem
1116 1754 1239 1820 munie-

155 1911 159 1920 .
195 1863 283 1929 561.“
322 1865 404 1927 Ann.
421 1861 476 1928 VI.
491 1865 543 1942 41,
557 1867 593 1925 4.
610 1861 695 1926 XIV.
712 1864 762 1942 23,
781 1867 829 1927 14.
853 1864 936 1927 Ann.
952 1861 982 1928 1.
995 1865 1046 1942 40,
1062 1865 1092 1928 2.
1116 1863 1170 1929 VI.
1187 1867 1239 1944 42,

196 1977 225 2037 5.
249 1972 335 2037 XIV.
353 1974 382 2050 2,
398 1975 426 2034 6.
451 1970 606 2048 —Quod
629 1969 673 2035 ad
696 1970 887 2051 „adversum
912 1971 1047 2051 attinet,
1084 1971 1125 2036 cl.
1141 1970 1238 2036 Hend

196 2082 222 2146 Ι.
237 2102 270 2164 p.
288 2084 364 2158 186,
399 2079 456 2163 qui
480 2080 550 2163 jam
577 2081 688 2147 attulit
708 2085 789 2146 Ann.
805 2082 875 2147 XV.
891 2084 940 2160 64,
960 2085 997 2145 15
1022 2079 1148 2162 „clauso
1170 2102 1239 2147 cor·

196 2208 273 2274 pore
295 2187 367 2253 adv.
391 2188 454 2253 vim
476 2189 609 2254 veneni‘
628 2196 667 2255 et
688 2190 756 2257 XV.
773 2194 823 2267 36,
843 2193 881 2254 12
905 2190 1009 2270 „sueti
1031 2190 1102 2256 666.
1125 2190 1239 2256 fortui-

196 2305 231 2364 ta
259 2304 391 2384 aspectu
420 2299 573 2384 principis
601 2300 757 2367 66166661ιι
788 2301 808 2366 i.
825 2321 852 2366 e.
875 2321 916 2366 ne
938 2299 1072 2365 fortuita
1094 2301 1237 2366 animum

199 2409 441 2492 supprimerent
464 2443 506 2456 -
551 2407 671 2473 Eadem
699 2408 824 2474 ratione
853 2409 971 2492 legitur
992 2407 1077 2474 Dial.
1093 2413 1122 2488 4,
1144 2413 1162 2472 5
1187 2409 1241 2476 66·

199 2517 329 2582 laudere
351 2516 437 2600 alqd.
461 2516 533 2583 666.
556 2515 653 2600 alqm.
683 2517 723 2582 H.
738 2517 798 2583 ΙΙΙ.
815 2521 866 2595 78,
887 2521 925 2581 14
947 2516 1040 2582 tueri.
1072 2516 1112 2581 Η.
1130 2516 1173 2582 11.
1190 2520 1241 2598 60,

202 2630 249 2690 16.
273 2626 498 2704 lnn.111.4c‚
516 2629 565 2692 13.
589 2630 638 2706 60,
656 2630 686 2691 6.
708 2627 763 2693 IV.
775 2631 805 2706 5,
824 2630 861 2689 12
883 2631 1059 2711 protegere.
1084 2626 1176 2692 XIII.
1189 2629 1240 2705 52,

200 2737 229 2798 3.
251 2734 404 2814 xlvcr,
422 2738 461 2800 10
484 2734 660 2801 subvenire.
697 2737 779 2800 Ann.
794 2735 850 2801 IV.
868 2739 950 2815 66,1
977 2735 1104 2816 „studia
1132 2755 1241 2820 proce·

199 2865 271 2910 rum
291 2835 364 2910 666.
388 2865 480 2910 casus
502 2845 655 2912 solacium
677 2845 840 2912 tulerant“
871 2849 970 2928 atque
992 2843 1062 2942 sim.
1086 2843 1123 2910 G.
1150 2848 1198 2924 16,
1220 2848 1239 2908 5

201 2973 312 3035 „suam
335 2935 468 3048 quisque
491 2954 621 3020 domum
636 2956 741 3040 spatio
755 2955 941 3032 circumdat,
964 2951 1036 3019 adv.
1052 2973 1145 3019 casus
1159 2952 1243 3036 ignis

59 3057 69 3070 ’
200 3065 405 3131 remedium.“
451 3064 491 3130 H.
508 3064 567 3130 III.
586 3069 635 3144 34,
651 3072 673 3130 4
692 3057 854 3146 ’,0666116
870 3063 1038 3141 Cremona,
1060 3081 1242 3146 propugna-

200 3173 307 3238 culum
333 3172 404 3237 adv.
429 3171 567 3239 Gallos.“
612 3174 753 3255 xllsa,
775 3179 813 3240 13
837 3174 982 3254 „colonia
1008 3173 1178 3238 deducitur
1199 3209 1241 3222 -

201 3279 376 3345 subsidium
405 3279 476 3343 adv.
502 3279 669 3344 rebelles.“
713 3282 781 3349 XV.
804 3284 897 3359 27,6
929 3257 1139 3362 „documento
1168 3279 1240 3346 666.

200 3390 401 3476 superbiam“
424 3411 482 3454 zur
502 3390 668 3474 Warnung
689 3411 789 3474 gegen
812 3426 869 3451 -.
914 3391 951 3453 A.
968 3389 994 3452 1.
1011 3393 1062 3469 57,
1078 3392 1107 3452 2.
1133 3394 1183 3466 64,
1200 3394 1242 3454 20

202 3501 407 3585 „deliguntur
440 3499 579 3584 legiones
600 3499 801 3582 -primani
830 3497 1011 3563 ducendum
1041 3497 1084 3563 66
1117 3519 1241 3582 agmen,

199 3611 410 3677 vicesimanus
441 3608 512 3674 adv.
542 3613 726 3674 secuturos“
757 3593 814 3674 iur
846 3609 984 3676 Abwehr
1005 3620 1069 3672 '-.
1120 3608 1241 3674 Eodem

201 3739 295 3785 sensu
326 3717 493 3800 „firmare“
525 3717 652 3800 saepius
687 3737 760 3781 cum
792 3718 982 3798 „adversus“
1016 3717 1240 3802 conjungitur:

202 3830 277 3912 Agr.
297 3830 347 3906 22,
373 3831 393 3891 8
425 3824 514 3906 „ada
537 3844 644 3890 moras
671 3824 845 3891 obsidionis
873 3827 989 3891 annuis
1011 3826 1110 3909 copiis
1131 3824 1241 3890 firma·

272 4079 294 4144 ¹)
330 4075 479 4131 Occasione
495 4075 588 4132 oblato
605 4075 659 4130 hoe
675 4076 737 4130 loco
753 4074 915 4144 monuerim,
933 4075 1016 4127 semel
1032 4075 1142 4128 tantum
1160 4074 1241 4145 (Ama

200 4175 235 4228 Π.
248 4177 290 4243 37,
303 4172 348 4242 20)
367 4170 440 4242 apud
452 4171 579 4227 Tacitum
591 4174 647 4246 legi
658 4173 890 4244 praepositionem
908 4171 969 4242 ‚,c“,
987 4170 1024 4226 de
1037 4170 1114 4240 cujus
1126 4169 1239 4226 notione

201 4266 236 4322 ef.
253 4266 335 4322 Hand
352 4265 374 4318 I.
391 4267 434 4321 40.
1051 4259 1054 4266 ’
