2894 4774
681 365 700 427 5

164 546 197 610 in
219 546 281 610 hac
301 568 337 612 re
360 548 503 612 versatus
526 548 583 626 est,
605 531 801 612 non'nescit.
848 548 951 626 Quam
974 547 1014 614 ob
1030 565 1160 616 causam
1175 549 1208 614 in

164 655 298 738 singulis
320 657 361 720 ad
384 655 468 720 hune
491 655 609 720 librum
632 655 771 721 maxime
794 654 929 721 lectores
951 656 1070 740 rejicio.

249 766 308 829 Est
329 770 436 830 autem
459 765 574 851 dignus
588 765 729 846 Tacitus,
751 764 843 848 cujus
864 766 898 828 in
920 766 1208 849 praepositionibus

164 875 357 958 usurpandis
385 895 463 940 usus
492 875 674 940 accuratius
697 897 793 960 quam
815 895 917 958 usque
939 874 981 938 ad
1003 874 1062 940 hoc
1081 881 1208 960 tempus

163 983 284 1047 factum
306 988 371 1061 est,
393 989 627 1067 pertractetur,
650 983 768 1068 quippe
790 984 845 1066 qui
867 1003 963 1065 quam
982 983 1121 1050 maxime
1144 985 1208 1050 sin·

163 1093 286 1177 gularis
308 1097 341 1156 et
362 1092 540 1175 exquisitus
562 1092 614 1156 sit.
660 1091 741 1156 Cum
762 1093 866 1157 multa
888 1095 974 1177 apud
997 1099 1120 1159 ceteros
1141 1115 1208 1159 orn·

163 1224 220 1267 nes
242 1203 412 1286 scriptores
433 1202 513 1265 trita
534 1200 664 1265 Tacitus
685 1202 807 1286 rejecit,
829 1205 899 1268 tum
922 1224 1004 1286 quae
1026 1225 1085 1268 sua
1100 1208 1207 1269 aetate

162 1313 348 1378 oblitterata
370 1317 479 1391 crant,
515 1313 676 1377 revocavit
697 1318 730 1378 et
751 1335 850 1378 novas
872 1313 1030 1396 quasdam
1051 1312 1208 1378 dictiones

161 1422 288 1486 induxit
308 1421 343 1485 in
365 1439 542 1486 sermonem
565 1421 712 1487 latinum.
757 1423 820 1492 Sed
841 1443 909 1488 rom
924 1424 1027 1508 ipsam
1042 1422 1207 1504 videamus

49 1523 61 1550 ⁸
161 1536 195 1596 et
216 1549 320 1615 pauca
342 1528 421 1593 mihi
442 1529 556 1600 afferre
579 1531 686 1596 liceat.¹

247 1644 381 1709 Prorsus
402 1642 520 1707 desunt
542 1640 629 1726 apud
645 1640 791 1705 Tacitum
812 1639 1081 1724 praepositiones:
1103 1641 1207 1706 eahta

161 1753 301 1819 ablativo
320 1753 489 1838 junctum,
526 1774 626 1837 quum
654 1773 719 1817 non
748 1751 811 1816 nisi
832 1750 920 1835 apud
941 1755 1053 1834 poetas
1076 1757 1110 1816 et
1130 1773 1205 1818 raro

160 1863 290 1948 quidem
321 1862 504 1926 inveniatur
535 1867 622 1939 (cum
655 1860 836 1924 accusativo
869 1858 1073 1941 conjunctum
1107 1860 1205 1926 semel

160 1971 293 2056 legitur,
322 1969 649 2046 mamaeam:
681 1967 795 2050 absque
821 1967 1032 2046 (Quintiliano
1061 1967 1207 2054 aliisque,

160 2080 216 2145 sed
238 2100 328 2158 raro,
350 2080 472 2144 usitata
494 2078 535 2144 cf.
560 2079 657 2143 Hand
679 2080 770 2144 Turs.
793 2079 819 2143 I.
844 2081 927 2159 68.),
958 2077 1039 2142 clam
1062 2079 1204 2158 (adverb.

160 2187 242 2254 Hist.
267 2187 309 2254 ΙΙ.
335 2192 362 2252 8.
389 2193 469 2269 14.),
506 2209 611 2253 cereae
640 2188 679 2253 cf.
703 2187 839 2272 Ruperti
864 2191 897 2251 et
920 2187 1011 2252 Kritz
1033 2186 1076 2252 ad
1098 2187 1203 2256 Germ.

162 2303 240 2378 1‚7.
291 2297 426 2377 Forma,
464 2320 547 2386 quae
576 2303 625 2364 est
646 2300 702 2364 aba
723 2321 788 2364 non
811 2317 887 2368 usus
909 2301 958 2361 est
979 2295 1117 2362 Tacitus.
1164 2295 1204 2364 cf.

160 2408 243 2476 Dial.
268 2411 319 2487 25,
345 2412 358 2471 l
383 2413 416 2473 et
438 2412 488 2488 33,
514 2413 541 2488 l,
564 2403 619 2472 ubi
641 2405 674 2474 in
698 2406 767 2494 ejus
789 2403 916 2489 scriptis
940 2424 980 2486 „a
1001 2409 1052 2470 te“
1076 2403 1204 2488 legitur.

208 2556 213 2560 -
245 2517 361 2582 Omisit
382 2523 490 2582 autem
513 2516 646 2584 Tacitus
673 2535 756 2600 quae
783 2514 817 2579 in
847 2512 983 2580 aliorum
1010 2513 1101 2582 libris
1123 2515 1207 2582 tanti

159 2625 330 2691 voluminis
351 2624 611 2709 frequentissime
633 2631 822 2690 occurrunt:
852 2622 992 2687 maxime
1013 2644 1041 2688 e.
1065 2645 1094 2708 g.
1118 2625 1206 2710 apud

159 2735 239 2800 alios
266 2735 437 2818 scriptores
466 2733 498 2798 in
531 2754 591 2798 usu
619 2753 688 2797 esse
718 2731 873 2796 formulas
896 2737 1044 2816 ,praeter
1065 2735 1205 2816 modum,

159 2866 206 2928 pr.
229 2863 363 2922 morem,
394 2864 442 2927 pr.
466 2843 670 2927 opinionem“
695 2845 832 2924 atquae
854 2846 929 2904 sunt
951 2841 1083 2922 similia,
1112 2863 1205 2910 nemo

120 2941 125 2948 ⁴
159 2952 276 3018 nescit:
302 2949 387 3034 apud
402 2950 549 3015 Tacitum
572 2971 636 3016 non
658 2949 866 3015 inveniuntur
887 2967 952 3014 uno
974 2950 1044 3016 loco
1066 2949 1099 3016 in
1119 2952 1203 3019 Hist.

161 3060 203 3127 II.
228 3065 278 3126 29.
307 3065 346 3125 14
378 3067 526 3146 „praeter
554 3067 663 3148 spem“
695 3065 839 3146 excepto.
883 3061 988 3144 Atque
1010 3061 1108 3128 etiam
1129 3059 1205 3133 huic

160 3171 391 3255 praepositioni
418 3172 482 3235 vim
510 3173 600 3238 illam
629 3171 880 3257 comparativam
910 3175 1052 3261 (praeter
1083 3178 1206 3242 ceteros

151 3281 235 3361 etc.)
263 3300 328 3345 non
350 3280 464 3347 tribuit
486 3283 625 3350 Tacitus
657 3322 699 3334 -
743 3283 792 3350 Ab
820 3280 966 3350 omnibus
984 3277 1205 3365 ‘scriptoribus

158 3389 353 3474 praepositio
385 3397 547 3475 „propafl
577 3414 671 3458 sensu
701 3391 826 3458 causali
858 3396 912 3471 (=
937 3396 1058 3474 weges)
1088 3393 1206 3476 saepis·

159 3498 238 3563 sime
261 3504 450 3584 usurpatur:
474 3501 501 3565 si
522 3501 564 3566 ad
579 3503 724 3568 Tacitum
747 3501 887 3586 respicis,
909 3520 986 3564 casu
1008 3499 1205 3585 fortuitoque
1300 3504 1303 3515 ⁴

158 3605 280 3673 iactum
301 3628 370 3674 csse
392 3614 551 3692 putemus,
572 3616 610 3677 ut
631 3611 711 3676 haec
724 3609 918 3695 praepositio
941 3608 982 3675 ab
1005 3629 1043 3675 eo
1063 3607 1113 3676 bis
1135 3616 1205 3676 tan·

160 3721 229 3781 tum
251 3718 392 3784 admissa
414 3720 474 3802 sit,
505 3721 538 3786 in
561 3721 645 3788 Dial.
670 3725 721 3804 21,
744 3725 781 3785 21
807 3725 840 3785 et
861 3719 943 3785 Hist.
967 3721 992 3785 Ι.
1018 3723 1068 3790 65.
1093 3725 1127 3800 3,
1150 3721 1205 3787 ubi

159 3827 304 3911 proxime
326 3830 450 3896 accedit
473 3832 515 3896 ad
537 3832 601 3896 rim
623 3830 869 3917 praepositionis
893 3829 983 3910 ,de“,
1013 3850 1112 3917 quum
1134 3850 1205 3894 sen-

159 3955 213 4000 sus
242 3935 284 4001 sit
314 3936 444 4004 ‘multae
472 3939 506 4004 in
533 3938 634 4004 ricem
662 3937 785 4019 clades,
822 3938 964 4004 crebrius
991 3937 1203 4021 infestiusque

160 4064 256 4126 quam
288 4049 324 4109 ut
354 4050 481 4110 tantum
510 4047 550 4112 de
571 4049 697 4115 Nerone
716 4048 881 4132 Galbaque
909 4048 1083 4131 ageretur’,
1121 4050 1204 4114 sicut

159 4151 254 4217 locali
282 4172 377 4218 sensu
407 4160 461 4234 (=
486 4156 605 4237 nebon,
639 4155 723 4222 nahe
750 4157 815 4236 bei)
851 4157 885 4221 in
914 4155 1092 4222 Annalibus
1119 4158 1204 4223 inest
