2894 4774
655 339 695 406 2⁷

153 519 242 606 apud
266 516 422 602 Gyoladss
443 513 584 596 insulas,
621 535 697 584 mox
725 513 759 582 in
786 515 963 586 contuens·
984 515 1096 584 risum
1144 517 1197 586 VI.
1300 521 1301 524 ’

157 634 207 708 10,
237 631 256 692 6
288 626 396 712 „apud
425 625 567 710 Capreas
595 622 783 692 indivisus
829 623 876 692 De
902 624 972 694 loon
995 625 1049 693 VI.
1072 629 1123 706 20,
1149 631 1197 694 13.
1260 683 1261 687 ,

128 737 195 804 of.
217 737 276 820 bss.

239 846 273 926 d)
294 851 454 910 terrorum
478 842 659 912 nominibus
678 843 827 926 junotum
844 843 969 933 „epud“
986 865 1110 929 semper
1125 864 1198 914 eam

153 955 253 1021 habet
273 955 348 1032 vim,
371 974 436 1037 qna
457 953 543 1019 idem
564 959 662 1038 atque
686 954 758 1036 „in“
783 954 878 1020 valet.
924 954 984 1020 Bo
1008 958 1136 1021 tantum
1162 955 1197 1019 in

155 1063 307 1130 nestora
328 1045 422 1130 snat.
469 1064 561 1142 ouon
577 1063 712 1130 Bublius
736 1063 795 1144 „oe
810 1063 1021 1154 Tacitistilo‘
1044 1085 1075 1147 p.
1092 1067 1132 1128 so
1145 1061 1198 1128 se

154 1172 293 1241 alterum
314 1173 419 1238 lorum
443 1173 468 1238 1.
485 1177 535 1254 49,
555 1177 591 1238 17
617 1173 713 1254 „dnm
735 1171 863 1256 rigebat
877 1178 967 1237 aetas
989 1171 1125 1252 (Galbae
1138 1181 1197 1251 eo.)

153 1281 288 1348 militari
301 1279 398 1347 laude
415 1281 501 1365 apud
516 1281 704 1348 Germanias
717 1280 846 1346 floruit“
869 1281 994 1350 monuit
1017 1281 1198 1365 „explicere

152 1390 290 1460 forsitan
312 1395 420 1476 potest
441 1391 493 1458 hio
514 1391 761 1476 praepositionis
782 1392 870 1474 opud
890 1411 966 1456 usne
987 1390 1088 1472 inde,·
1111 1392 1197 1475 quod

153 1501 292 1568 Romani
320 1499 441 1570 bellun
470 1500 623 1568 adversus
653 1501 830 1572 Germanos
864 1499 1021 1584 gesserint
1055 1501 1090 1566 in
1105 1501 1199 1585 ‚ipsis

154 1599 345 1700 Germaniae
367 1611 514 1678 confiniis
535 1634 647 1680 versus
660 1613 799 1679 Galliam
815 1617 848 1678 et
858 1611 998 1690 ltaliam,
1013 1610 1099 1676 unde
1114 1615 1196 1689 orta,

154 1722 213 1800 sit,
249 1725 284 1786 et
309 1721 343 1786 in
372 1721 717 1808 romonemmaoulo
744 1723 845 1788 latino
866 1719 1040 1808 inveluerit
1060 1719 1197 1786 leontio:

153 1830 240 1915 apud
262 1829 470 1898 Germanias“
496 1830 566 1912 jam
595 1831 751 1898 refutavit
776 1829 944 1910 Handius‚
981 1849 1080 1913 quum
1110 1827 1199 1894 dieat

153 1939 235 2006 miro
262 1939 357 2006 modo
386 1960 572 2024 expressum
601 1961 689 2020 esee,
725 1941 753 2006 si
784 1939 890 2024 „apud
912 1937 970 2005 G.“
994 1959 1015 2005 a
1042 1937 1135 2005 bellis
1162 1937 1197 2003 in

153 2048 233 2133 ipsis
260 2047 451 2116 Germaniae
480 2049 626 2116 oonfiniis
653 2052 751 2136 gestis
779 2056 863 2120 esset
891 2049 1022 2116 dietum.
1065 2047 1198 2114 Germa-

153 2156 226 2224 niae
248 2155 399 2224 dicuntur
420 2177 479 2241 pro
501 2157 683 2239 Germanis,
711 2158 870 2243 quomodo
892 2157 1097 2236 Britanniae,
1123 2155 1199 2222 Gel-

13 2267 17 2272 '
153 2266 231 2332 liae:
254 2271 365 2350 estque
388 2266 492 2332 Taciti
513 2271 683 2350 sententia,
705 2271 841 2336 Galbam
863 2289 934 2338 oum
951 2267 1087 2334 militari
1101 2265 1198 2334 leude

153 2375 187 2440 in
208 2374 382 2440 Germania
410 2381 573 2446 versatum
600 2383 699 2445 esse.“
744 2377 806 2445 Sed
835 2376 920 2445 idem
947 2376 997 2442 vir
1023 2375 1136 2442 doetus
1163 2374 1196 2443 in
1264 2381 1267 2385 '

153 2503 191 2548 eo
212 2482 327 2550 errare
344 2483 437 2554 nobis
457 2485 597 2564 videtur,
620 2486 707 2569 quod
729 2486 876 2556 omnibus
896 2485 975 2554 loeis
996 2486 1082 2554 huno
1103 2505 1197 2552 risum

152 2592 199 2658 ita
220 2591 376 2675 explioari
397 2612 489 2675 posse
512 2592 662 2677 opinatus
688 2597 756 2673 est,
793 2599 830 2664 nt
858 2615 974 2663 nomen
1003 2599 1111 2663 terrae
1138 2614 1197 2678 pro

152 2700 262 2784 populi
290 2701 419 2768 nomine
447 2700 568 2770 dietum
597 2707 757 2785 putemus.
810 2702 901 2781 Quod
931 2702 959 2771 si
987 2703 1029 2770 ad
1057 2702 1197 2796 alterum

153 2829 279 2892 quoque
300 2809 406 2878 lorum
427 2809 462 2876 in
485 2810 525 2880 Η.
542 2811 597 2878 IV.
615 2815 701 2890 esa
727 2811 883 2893 „Constat
904 2811 1066 2882 obstitisse
1082 2812 1196 2880 Treve-

153 2917 197 2984 ris
218 2917 479 3004 Lingonibusque
501 2917 588 3010 apud
610 2918 753 3004 Gellius,
789 2921 877 3004 quod
893 2959 932 2974 -ψ
949 2941 1022 2990 oum
1043 2921 1196 3006 Verginio

152 3031 341 3107 saeternae,
362 3027 418 3098 ubi
440 3027 603 3109 „Galliam
626 3027 738 3098 eodem
758 3049 854 3098 sensu
876 3049 915 3098 no
938 3029 1062 3112 „saur
1086 3031 1196 3100 dieun-

152 3142 215 3216 tnr,
237 3136 379 3220 quadrat
402 3137 499 3206 etad
521 3137 692 3208 nonnullos
714 3137 886 3207 Annalium
908 3138 1010 3217 loros,
1039 3139 1094 3206 ubi
1115 3137 1196 3207 hese

152 3246 248 3314 distin
276 3246 486 3331 quaterdenis
513 3249 690 3339 reperitur,
727 3255 837 3318 tamen
865 3248 899 3318 id
928 3249 1195 3332 oonsfitnendum,

152 3355 340 3442 scriptorem
361 3361 506 3425 nostrum
528 3357 612 3426 sieut
631 3358 666 3426 in
687 3359 750 3438 eis,
788 3379 870 3442 quae
892 3379 991 3443 snpra
1012 3361 1195 3442 memorari,

152 3463 320 3549 paullatim
348 3465 619 3548 praepositionem
648 3466 774 3551 „epum
804 3467 917 3534 eedem
945 3468 976 3536 ri
997 3473 1096 3552 etque
1119 3469 1192 3550 „in“

151 3595 334 3659 usurpasse.
370 3575 464 3654 *Ann-
474 3575 499 3642 Ι.
516 3579 566 3656 34,
586 3581 624 3646 14
648 3575 854 3656 „celebrans
892 3597 975 3660 quae
1002 3577 1089 3662 apud
1115 3576 1194 3643 Ger·

151 3683 276 3750 manias
303 3682 368 3752 illis
390 3705 463 3752 eum
484 3683 663 3767 legionibus
683 3686 903 3770 pulcherrima
924 3686 1070 3760 ferisset“
1093 3687 1195 3773 expli-

150 3794 217 3858 cari
239 3794 367 3876 quidem
389 3799 496 3876 potest
519 3795 749 3878 „Germaniae“
773 3797 837 3862 diei
857 3818 916 3881 pro
939 3796 1123 3876 Germanis,
1156 3789 1195 3862 ut'

151 3905 262 3970 eadem
291 3906 419 3976 ratione
445 3906 620 3986 11.26,19.
650 3907 704 3974 IV.
726 3911 773 3986 18,
796 3911 824 3971 3.
854 3906 940 3973 XVI.
964 3908 1013 3985 15,
1033 3911 1053 3970 4
1086 3903 1192 3988 „apud

151 4015 384 4100 Britanniam“,
414 4014 470 4083 sed
492 4036 589 4099 quam
609 4037 724 4106 parum
747 4015 878 4086 Tacitus
898 4017 967 4106 ipse
987 4013 1022 4084 id
1044 4013 1192 4084 observa·

151 4123 240 4204 verit,
262 4118 485 4190 demonstrant
499 4123 576 4190 loci:
599 4125 626 4190 Ι.
642 4128 693 4205 47,
708 4127 738 4204 4,
754 4123 810 4189 ubi
822 4124 1077 4209 praepositiones
1093 4125 1196 4208 „per‘f
1241 4195 1242 4200 ,
