2894 4774
658 367 700 430 43

158 549 322 634 pertinent
353 548 394 614 ad
426 546 704 631 „interpretatio“,
749 545 805 611 sed
836 542 1053 610 adverbialem
1083 541 1204 608 habent

158 655 337 742 praedicati
358 654 585 736 definitionem,
607 675 703 738 quam
718 655 899 738 germanice
914 654 959 719 sic
974 653 1089 718 reddas
1113 651 1203 732 ,her-

161 766 379 849 vorragenden
402 762 698 830 Persdnlichkeiten
720 763 930 847 geganiiber.“
976 763 1071 827 Patet
1092 762 1126 828 in
1141 761 1203 825 hae

160 877 320 942 sententia
342 879 457 958 ,erga“
482 894 546 940 non
568 875 616 939 ita
637 895 704 940 esse
726 875 879 959 positum,
909 878 946 940 ut
967 872 1130 939 inimicum
1152 869 1203 936 vel

160 982 378 1052 adversarium
405 982 548 1048 animum
575 981 693 1066 prodat
722 987 773 1066 (ut
795 983 975 1065 Draegerus
1005 981 1113 1064 „Syut
1137 980 1203 1046 und

161 1094 240 1162 sul‘
263 1095 291 1178 ἕ.
309 1097 348 1158 98
371 1093 523 1176 opinatus
544 1095 620 1171 est),
655 1090 710 1156 sed
733 1091 923 1175 simpliciter
943 1091 1133 1156 relationem
1150 1089 1204 1170 ¹in-

162 1205 279 1271 dicare
302 1204 342 1268 ef.
360 1206 434 1286 Agr.
456 1207 502 1283 16,
519 1206 570 1268 25.
593 1203 677 1269 Hist.
695 1202 720 1267 l.
737 1209 767 1282 4,
787 1207 834 1267 11.
862 1207 911 1281 15,
927 1206 976 1268 28.
1003 1206 1051 1280 17,
1067 1205 1096 1266 3.
1120 1199 1162 1264 ll.
1175 1203 1202 1278 l,

162 1321 192 1380 5.
215 1319 265 1392 55,
282 1318 311 1380 9.
334 1313 393 1378 ΙΙΙ.
411 1317 461 1393 25,
480 1318 528 1378 18.
551 1325 636 1382 Ann.
653 1314 712 1379 ΙΙΙ.
729 1319 778 1392 74,
795 1318 845 1379 20.
870 1317 899 1391 2,
915 1316 944 1376 2.
975 1312 1044 1378 XV.
1061 1314 1146 1390 tat
1171 1313 1204 1376 et

161 1423 323 1505 Draegero
351 1427 434 1488 teste
456 1422 605 1487 Taciteae
634 1427 762 1488 tautum
791 1422 925 1487 dictioni
952 1422 1102 1507 proprius
1128 1442 1205 1488 usus

162 1533 245 1599 Huc
263 1533 288 1597 1.
306 1536 357 1610 ao,
373 1537 402 1598 a.
428 1533 669 1614 A.1V.11,11.
695 1537 745 1614 ac,
760 1540 790 1600 4.
815 1533 992 1611 xsaaaa.
1016 1531 1204 1610 aureas.

163 1624 196 1690 ὲ
232 1641 430 1725 Praepositio
455 1645 602 1721 „oontro“
625 1641 735 1708 eodem
760 1640 854 1707 modo
877 1645 1052 1724 usurpatur
1073 1660 1205 1724 prorsus

162 1757 271 1818 nostro
300 1749 453 1816 vocabulo
483 1749 701 1833 „gegeuiiber“
730 1749 948 1833 respondem,
984 1749 1030 1814 ita
1059 1754 1096 1814 ut
1126 1748 1206 1819 nihil

162 1861 310 1926 malevoli
330 1859 496 1939 sentiatur,
518 1859 574 1924 sed
595 1859 711 1926 relatio
731 1863 859 1924 tantum
874 1859 1089 1942 exprimatur:
1114 1857 1203 1924 XIII.

163 1974 214 2049 35,
235 1972 254 2033 2
279 1969 361 2050 „Sed
384 1967 556 2034 Corbuloni
582 1967 657 2052 plus
677 1967 770 2032 molis
792 1966 945 2033 adversus
965 1967 1126 2052 ignaviam
1147 1968 1205 2034 mi·

162 2079 257 2145 litum
278 2099 377 2162 quam
397 2085 511 2145 eontra
531 2079 699 2164 perfidiam
723 2079 864 2144 hostium
886 2082 987 2142 erat.“

246 2189 320 2255 Jam
341 2189 530 2256 accedamus
551 2191 592 2258 ad
615 2192 883 2277 praepositionem
907 2189 1097 2268 ,adversus“
1114 2193 1147 2253 et
1161 2188 1205 2254 vi·

163 2297 294 2364 deamus
316 2299 478 2382 exempla:
503 2299 544 2366 H.
561 2299 586 2364 I.
605 2304 653 2376 10,
672 2304 709 2365 13
735 2299 819 2380 „Nec
834 2298 1030 2381 Vespasiano
1046 2297 1118 2362 adv.
1131 2296 1207 2363 Gal-

162 2407 238 2472 bam
259 2412 368 2473 votum
394 2412 452 2472 aut
472 2409 617 2474 animus“
642 2409 662 2474 i.
679 2427 707 2474 e.
730 2408 803 2474 dem
826 2407 862 2474 G.
885 2406 1081 2491 geganiiber‚
1105 2427 1206 2490 gagen

163 2515 199 2579 G.
224 2551 263 2564 ·-
294 2515 335 2578 Η.
351 2514 410 2580 111.
428 2520 510 2594 51,l
539 2522 705 2595 ,auctores
725 2515 848 2594 habeo,
884 2521 1010 2580 tantam
1033 2515 1207 2584 victoribus

163 2623 235 2688 adv.
269 2624 318 2688 fas
349 2623 502 2707 nefasque
536 2625 783 2691 inreverentiam
814 2626 940 2692 fuisse.“
994 2625 1033 2690 H.
1057 2625 1082 2689 I.
1107 2629 1205 2704 90‚6

166 2733 270 2813 „Otho
292 2775 330 2785 --
355 2733 425 2798 adv.
445 2734 634 2802 Vitellianas
656 2742 765 2821 partes
786 2737 929 2801 modeste
952 2734 1121 2801 disseruit“
1144 2734 1165 2800 i.
1178 2755 1206 2802 c.

163 2842 221 2906 der
251 2842 313 2908 Vit.
337 2842 445 2908 Partei
474 2842 669 2926 gegeniiber,
706 2843 740 2908 in
762 2845 868 2928 Bezug
896 2843 961 2910 auf.
986 2879 1023 2892 -
1050 2845 1132 2910 dnn.
1150 2844 1205 2912 IV.

166 2957 256 3031 11,7
289 2953 510 3032 ,cunctatione
540 2957 574 3020 et
601 2975 692 3022 mora
721 2957 792 3024 adv.
816 2958 944 3024 unicum
966 2960 1131 3024 uteretur“
1154 2975 1207 3039 ge·

164 3061 321 3146 geniiber,
353 3081 468 3144 gagen,
498 3064 549 3130 bei
578 3067 698 3133 seinem
720 3069 865 3152 einzigen
888 3067 1002 3134 Sohne.
1048 3066 1206 3145 V1.1‚14

165 3171 270 3252 „dona
291 3170 324 3235 in
345 3176 528 3255 promptos,
565 3174 669 3241 minas
690 3177 760 3243 adv.
784 3177 961 3246 abnuentes
983 3174 1204 3244 exercebant,“

163 3281 366 3360 xllraaa
396 3284 447 3360 aa,
466 3285 514 3345 re.
543 3285 593 3362 aa,
611 3286 640 3348 a.
671 3289 767 3366 anu.
799 3287 884 3352 xvi.
904 3290 951 3365 15,
968 3290 997 3350 e.
1028 3290 1059 3366 a,
1077 3289 1126 3352 14.
1164 3325 1205 3338 -

164 3393 245 3459 Anu.
263 3391 356 3470 Ι.47,
376 3396 408 3456 1:
448 3391 537 3472 ,adu
566 3413 620 3458 eos
646 3398 827 3460 sermoncs“
851 3394 980 3462 solcheu
1003 3393 1206 3478 Gesprliehen

163 3499 352 3584 gegeniiber.
396 3500 421 3565 Ι.
439 3505 524 3580 75,3
550 3503 734 3587 „multaque
761 3525 798 3569 eo
825 3524 933 3570 eoram
956 3503 1026 3568 adv.
1050 3502 1205 3569 ambitum
1256 3555 1260 3562 .

163 3615 196 3678 et
218 3611 397 3696 potentium
416 3631 527 3694 preces
548 3615 741 3679 constituta“
765 3614 826 3678 hoe
852 3613 922 3678 loco
944 3633 1009 3678 non
1031 3618 1081 3677 est
1102 3631 1206 3678 sermo

143 3720 203 3788 'de
226 3719 289 3798 eis,
322 3739 405 3802 quae
428 3724 541 3784 eontra
562 3719 718 3786 ambitum
746 3727 806 3786 cet.
829 3721 995 3786 constituto
1013 3725 1113 3798 sunt,
1150 3720 1206 3810 sed

163 3829 269 3912 potius
291 3826 451 3909 significat
475 3827 565 3908 ,dem
588 3864 626 3875 -
651 3829 868 3913 gegendber“,
904 3835 942 3895 ut
962 3835 1048 3896 recte
1072 3829 1205 3913 Nipper-

164 3937 254 4004 deius
282 3935 422 4020 explicat
452 3936 542 4017 „adu
566 3936 671 4002 amb.“
701 3957 737 4004 so
765 3938 838 4006 dass
866 3939 1100 4022 ungesetzlichs
1130 3939 1206 4006 Ein-

163 4047 259 4114 flbsse
288 4046 394 4112 nichts
423 4047 502 4113 iiber
530 4047 581 4113 die
606 4047 735 4114 Richter
757 4049 969 4116 vermcohten.
994 4085 1035 4096 -
1064 4048 1206 4116 Insolen-

157 4156 227 4222 tius
250 4156 350 4235 dicta,
373 4156 428 4222 sed
450 4159 665 4225 concinnitate
687 4160 787 4225 tetius
807 4159 931 4243 periodi
954 4164 1108 4226 excusata
1130 4162 1206 4223 sunt

162 4264 268 4346 verba,
290 4286 373 4349 quae
396 4266 548 4350 leguntur
570 4268 603 4334 in
627 4267 681 4336 lib.
698 4268 789 4334 XIII.
809 4273 856 4343 10,
873 4273 891 4334 3
917 4268 997 4350 ,sibi
1012 4273 1137 4337 statuas
1154 4291 1205 4338 ar-
