<?xml version="1.0" encoding="UTF-8"?>
<!DOCTYPE html PUBLIC "-//W3C//DTD XHTML 1.0 Transitional//EN"
    "http://www.w3.org/TR/xhtml1/DTD/xhtml1-transitional.dtd">
<html xmlns="http://www.w3.org/1999/xhtml" xml:lang="en" lang="en">
 <head>
  <title>
</title>
<meta http-equiv="Content-Type" content="text/html;charset=utf-8" />
  <meta name='ocr-system' content='tesseract 3.04.00' />
  <meta name='ocr-capabilities' content='ocr_page ocr_carea ocr_par ocr_line ocrx_word'/>
</head>
<body>
  <div class='ocr_page' id='page_1' title='image "./depraepositionu00greegoog_0047.png"; bbox 0 0 2894 4774; ppageno 0'>
   <div class='ocr_carea' id='block_1_1' title="bbox 750 355 790 414">
    <p class='ocr_par' dir='ltr' id='par_1_1' title="bbox 750 355 790 414">
     <span class='ocr_line' id='line_1_1' title="bbox 750 355 790 414; baseline -0.025 0"><span class='ocrx_word' id='word_1_1' title='bbox 750 355 790 414; x_wconf 85' lang='lat'><strong>42</strong></span> 
     </span>
    </p>
   </div>
   <div class='ocr_carea' id='block_1_2' title="bbox 241 528 1292 4128">
    <p class='ocr_par' dir='ltr' id='par_1_2' title="bbox 245 528 1290 946">
     <span class='ocr_line' id='line_1_2' title="bbox 249 528 1287 614; baseline 0.003 -20"><span class='ocrx_word' id='word_1_2' title='bbox 249 531 347 611; x_wconf 82' lang='lat' dir='ltr'><strong>„liaeo</strong></span> <span class='ocrx_word' id='word_1_3' title='bbox 369 534 441 614; x_wconf 87' lang='lat' dir='ltr'><strong>(per</strong></span> <span class='ocrx_word' id='word_1_4' title='bbox 462 528 588 596; x_wconf 89' lang='lat' dir='ltr'><strong>litteras</strong></span> <span class='ocrx_word' id='word_1_5' title='bbox 599 531 763 614; x_wconf 78' lang='lat' dir='ltr'><strong>respondit</strong></span> <span class='ocrx_word' id='word_1_6' title='bbox 778 537 836 607; x_wconf 80' lang='lat' dir='ltr'><strong>se.)</strong></span> <span class='ocrx_word' id='word_1_7' title='bbox 860 531 1013 597; x_wconf 84' lang='lat' dir='ltr'><strong>adversus</strong></span> <span class='ocrx_word' id='word_1_8' title='bbox 1028 531 1206 614; x_wconf 82' lang='lat' dir='ltr'><strong>Togonium</strong></span> <span class='ocrx_word' id='word_1_9' title='bbox 1221 554 1287 598; x_wconf 88' lang='lat' dir='ltr'><strong>ver-</strong></span> 
     </span>
     <span class='ocr_line' id='line_1_3' title="bbox 245 638 1287 726; baseline 0.002 -22"><span class='ocrx_word' id='word_1_10' title='bbox 245 639 294 704; x_wconf 86' lang='lat' dir='ltr'><strong>bis</strong></span> <span class='ocrx_word' id='word_1_11' title='bbox 316 639 516 706; x_wconf 87' lang='lat' dir='ltr'><strong>moderaus.“</strong></span> <span class='ocrx_word' id='word_1_12' title='bbox 561 643 598 720; x_wconf 79' lang='grc' dir='ltr'><strong>β)</strong></span> <span class='ocrx_word' id='word_1_13' title='bbox 626 638 757 706; x_wconf 90' lang='lat' dir='ltr'><strong>adres:</strong></span> <span class='ocrx_word' id='word_1_14' title='bbox 796 642 878 706; x_wconf 83' lang='lat' dir='ltr'><strong>Anu.</strong></span> <span class='ocrx_word' id='word_1_15' title='bbox 895 641 954 707; x_wconf 92' lang='grc' dir='ltr'><strong>ΙΙΙ.</strong></span> <span class='ocrx_word' id='word_1_16' title='bbox 972 647 1056 720; x_wconf 77' lang='grc'>59,1</span> <span class='ocrx_word' id='word_1_17' title='bbox 1083 642 1182 723; x_wconf 72' lang='lat' dir='ltr'><strong>„Ana</strong></span> <span class='ocrx_word' id='word_1_18' title='bbox 1206 663 1287 726; x_wconf 91' lang='lat' dir='ltr'><strong>quae</strong></span> 
     </span>
     <span class='ocr_line' id='line_1_4' title="bbox 246 747 1290 831; baseline 0.002 -17"><span class='ocrx_word' id='word_1_19' title='bbox 246 771 318 815; x_wconf 90' lang='lat' dir='ltr'><strong>oum</strong></span> <span class='ocrx_word' id='word_1_20' title='bbox 348 750 404 816; x_wconf 90' lang='lat' dir='ltr'><strong>alii</strong></span> <span class='ocrx_word' id='word_1_21' title='bbox 433 750 519 814; x_wconf 87' lang='lat' dir='ltr'><strong>varie</strong></span> <span class='ocrx_word' id='word_1_22' title='bbox 548 747 769 814; x_wconf 87' lang='lat' dir='ltr'><strong>dissererent.“</strong></span> <span class='ocrx_word' id='word_1_23' title='bbox 816 754 866 830; x_wconf 86' lang='grc'><strong>69,</strong></span> <span class='ocrx_word' id='word_1_24' title='bbox 883 755 911 816; x_wconf 90' lang='grc'><strong>6.</strong></span> <span class='ocrx_word' id='word_1_25' title='bbox 940 752 1009 818; x_wconf 88' lang='lat' dir='ltr'><strong>XV.</strong></span> <span class='ocrx_word' id='word_1_26' title='bbox 1027 756 1111 831; x_wconf 90' lang='grc'>66,6</span> <span class='ocrx_word' id='word_1_27' title='bbox 1134 751 1207 816; x_wconf 90' lang='lat' dir='ltr'><strong>Non</strong></span> <span class='ocrx_word' id='word_1_28' title='bbox 1229 773 1290 818; x_wconf 87' lang='lat' dir='ltr'><strong>vox</strong></span> 
     </span>
     <span class='ocr_line' id='line_1_5' title="bbox 246 859 1265 946; baseline 0.002 -21"><span class='ocrx_word' id='word_1_29' title='bbox 246 859 317 925; x_wconf 87' lang='lat' dir='ltr'><strong>adv.</strong></span> <span class='ocrx_word' id='word_1_30' title='bbox 341 880 380 925; x_wconf 88' lang='lat' dir='ltr'><strong>ea</strong></span> <span class='ocrx_word' id='word_1_31' title='bbox 404 859 522 924; x_wconf 84' lang='lat' dir='ltr'><strong>Faenio</strong></span> <span class='ocrx_word' id='word_1_32' title='bbox 547 859 675 940; x_wconf 88' lang='lat' dir='ltr'><strong>„diesen</strong></span> <span class='ocrx_word' id='word_1_33' title='bbox 698 859 830 926; x_wconf 89' lang='lat' dir='ltr'><strong>Worten</strong></span> <span class='ocrx_word' id='word_1_34' title='bbox 854 860 1042 944; x_wconf 84' lang='lat' dir='ltr'><strong>gegeniiber‚</strong></span> <span class='ocrx_word' id='word_1_35' title='bbox 1063 860 1265 946; x_wconf 85' lang='lat' dir='ltr'><strong>hiergegen.“</strong></span> 
     </span>
    </p>

    <p class='ocr_par' dir='ltr' id='par_1_3' title="bbox 241 967 1291 3027">
     <span class='ocr_line' id='line_1_6' title="bbox 333 967 1288 1062; baseline 0.002 -28"><span class='ocrx_word' id='word_1_36' title='bbox 333 976 362 1048; x_wconf 85' lang='lat' dir='ltr'><strong>a)</strong></span> <span class='ocrx_word' id='word_1_37' title='bbox 408 970 456 1034; x_wconf 83' lang='lat' dir='ltr'><strong>Ex</strong></span> <span class='ocrx_word' id='word_1_38' title='bbox 485 969 557 1053; x_wconf 91' lang='lat' dir='ltr'><strong>ipsa</strong></span> <span class='ocrx_word' id='word_1_39' title='bbox 585 967 681 1032; x_wconf 81' lang='lat' dir='ltr'><strong>locali</strong></span> <span class='ocrx_word' id='word_1_40' title='bbox 710 969 840 1036; x_wconf 89' lang='lat' dir='ltr'><strong>notione</strong></span> <span class='ocrx_word' id='word_1_41' title='bbox 870 991 909 1036; x_wconf 89' lang='lat' dir='ltr'><strong>ea</strong></span> <span class='ocrx_word' id='word_1_42' title='bbox 930 991 1056 1054; x_wconf 90' lang='lat' dir='ltr'><strong>quoque</strong></span> <span class='ocrx_word' id='word_1_43' title='bbox 1078 971 1132 1034; x_wconf 87' lang='lat' dir='ltr'><strong>vix</strong></span> <span class='ocrx_word' id='word_1_44' title='bbox 1153 971 1288 1062; x_wconf 84' lang='lat' dir='ltr'><strong>exsistit,</strong></span> 
     </span>
     <span class='ocr_line' id='line_1_7' title="bbox 246 1076 1288 1164; baseline 0.002 -22"><span class='ocrx_word' id='word_1_45' title='bbox 246 1099 310 1162; x_wconf 87' lang='lat' dir='ltr'><strong>qua</strong></span> <span class='ocrx_word' id='word_1_46' title='bbox 333 1078 525 1159; x_wconf 86' lang='lat' dir='ltr'><strong>„adversus“</strong></span> <span class='ocrx_word' id='word_1_47' title='bbox 555 1076 787 1160; x_wconf 79' lang='lat' dir='ltr'><strong>comparationi</strong></span> <span class='ocrx_word' id='word_1_48' title='bbox 816 1099 924 1144; x_wconf 91' lang='lat' dir='ltr'><strong>rerum</strong></span> <span class='ocrx_word' id='word_1_49' title='bbox 951 1079 1085 1145; x_wconf 87' lang='lat' dir='ltr'><strong>inservit</strong></span> <span class='ocrx_word' id='word_1_50' title='bbox 1110 1101 1169 1164; x_wconf 89' lang='lat' dir='ltr'><strong>pro</strong></span> <span class='ocrx_word' id='word_1_51' title='bbox 1199 1103 1288 1162; x_wconf 81' lang='lat' dir='ltr'><strong>„eoa-</strong></span> 
     </span>
     <span class='ocr_line' id='line_1_8' title="bbox 246 1183 1288 1273; baseline 0.002 -21"><span class='ocrx_word' id='word_1_52' title='bbox 246 1191 328 1268; x_wconf 83' lang='lat' dir='ltr'><strong>tro“‚</strong></span> <span class='ocrx_word' id='word_1_53' title='bbox 364 1188 451 1271; x_wconf 90' lang='lat' dir='ltr'><strong>quod</strong></span> <span class='ocrx_word' id='word_1_54' title='bbox 477 1208 514 1253; x_wconf 90' lang='lat' dir='ltr'><strong>eo</strong></span> <span class='ocrx_word' id='word_1_55' title='bbox 540 1207 634 1252; x_wconf 87' lang='lat' dir='ltr'><strong>sensu</strong></span> <span class='ocrx_word' id='word_1_56' title='bbox 657 1183 744 1268; x_wconf 89' lang='lat' dir='ltr'><strong>apud</strong></span> <span class='ocrx_word' id='word_1_57' title='bbox 764 1184 909 1250; x_wconf 86' lang='lat' dir='ltr'><strong>Tacitum</strong></span> <span class='ocrx_word' id='word_1_58' title='bbox 931 1188 1060 1270; x_wconf 90' lang='lat' dir='ltr'><strong>quidem</strong></span> <span class='ocrx_word' id='word_1_59' title='bbox 1083 1209 1147 1253; x_wconf 90' lang='lat' dir='ltr'><strong>non</strong></span> <span class='ocrx_word' id='word_1_60' title='bbox 1169 1189 1288 1273; x_wconf 90' lang='lat' dir='ltr'><strong>reperi-</strong></span> 
     </span>
     <span class='ocr_line' id='line_1_9' title="bbox 246 1293 1289 1382; baseline 0.001 -19"><span class='ocrx_word' id='word_1_61' title='bbox 246 1303 315 1378; x_wconf 82' lang='lat' dir='ltr'><strong>tur,</strong></span> <span class='ocrx_word' id='word_1_62' title='bbox 354 1298 410 1362; x_wconf 91' lang='lat' dir='ltr'><strong>sed</strong></span> <span class='ocrx_word' id='word_1_63' title='bbox 439 1296 561 1376; x_wconf 91' lang='lat' dir='ltr'><strong>(omisit</strong></span> <span class='ocrx_word' id='word_1_64' title='bbox 582 1293 730 1358; x_wconf 87' lang='lat' dir='ltr'><strong>Handius</strong></span> <span class='ocrx_word' id='word_1_65' title='bbox 751 1293 785 1358; x_wconf 90' lang='lat' dir='ltr'><strong>in</strong></span> <span class='ocrx_word' id='word_1_66' title='bbox 807 1293 942 1359; x_wconf 88' lang='lat' dir='ltr'><strong>Tursell.</strong></span> <span class='ocrx_word' id='word_1_67' title='bbox 966 1295 1052 1362; x_wconf 89' lang='lat' dir='ltr'><strong>hune</strong></span> <span class='ocrx_word' id='word_1_68' title='bbox 1073 1300 1179 1381; x_wconf 87' lang='lat' dir='ltr'><strong>usum)</strong></span> <span class='ocrx_word' id='word_1_69' title='bbox 1202 1299 1289 1382; x_wconf 89' lang='lat' dir='ltr'><strong>apud</strong></span> 
     </span>
     <span class='ocr_line' id='line_1_10' title="bbox 247 1401 1289 1486; baseline 0 -14"><span class='ocrx_word' id='word_1_70' title='bbox 247 1407 355 1486; x_wconf 81' lang='lat' dir='ltr'><strong>Quint.</strong></span> <span class='ocrx_word' id='word_1_71' title='bbox 372 1407 411 1472; x_wconf 88' lang='lat' dir='ltr'><strong>X.</strong></span> <span class='ocrx_word' id='word_1_72' title='bbox 431 1411 458 1486; x_wconf 88' lang='lat'><strong>1,</strong></span> <span class='ocrx_word' id='word_1_73' title='bbox 477 1410 536 1470; x_wconf 83' lang='lat'><strong>114</strong></span> <span class='ocrx_word' id='word_1_74' title='bbox 567 1403 622 1485; x_wconf 84' lang='lat' dir='ltr'><strong>„O.</strong></span> <span class='ocrx_word' id='word_1_75' title='bbox 646 1423 720 1468; x_wconf 91' lang='lat' dir='ltr'><strong>vero</strong></span> <span class='ocrx_word' id='word_1_76' title='bbox 743 1401 862 1468; x_wconf 83' lang='lat' dir='ltr'><strong>Caesar</strong></span> <span class='ocrx_word' id='word_1_77' title='bbox 890 1405 917 1470; x_wconf 96' lang='lat' dir='ltr'><strong>si</strong></span> <span class='ocrx_word' id='word_1_78' title='bbox 940 1405 1009 1471; x_wconf 84' lang='lat' dir='ltr'><strong>foro</strong></span> <span class='ocrx_word' id='word_1_79' title='bbox 1032 1411 1159 1472; x_wconf 87' lang='lat' dir='ltr'><strong>tantum</strong></span> <span class='ocrx_word' id='word_1_80' title='bbox 1182 1429 1289 1473; x_wconf 81' lang='lat' dir='ltr'><strong>raons-</strong></span> 
     </span>
     <span class='ocr_line' id='line_1_11' title="bbox 246 1515 1287 1584; baseline -0.001 -2"><span class='ocrx_word' id='word_1_81' title='bbox 246 1523 295 1582; x_wconf 86' lang='lat' dir='ltr'><strong>set</strong></span> <span class='ocrx_word' id='word_1_82' title='bbox 316 1537 380 1582; x_wconf 90' lang='lat' dir='ltr'><strong>non</strong></span> <span class='ocrx_word' id='word_1_83' title='bbox 401 1516 485 1580; x_wconf 89' lang='lat' dir='ltr'><strong>alius</strong></span> <span class='ocrx_word' id='word_1_84' title='bbox 508 1537 548 1581; x_wconf 81' lang='lat' dir='ltr'><strong>ex</strong></span> <span class='ocrx_word' id='word_1_85' title='bbox 569 1515 686 1580; x_wconf 88' lang='lat' dir='ltr'><strong>nostris</strong></span> <span class='ocrx_word' id='word_1_86' title='bbox 708 1520 819 1580; x_wconf 87' lang='lat' dir='ltr'><strong>eontra</strong></span> <span class='ocrx_word' id='word_1_87' title='bbox 843 1515 1029 1582; x_wconf 82' lang='lat' dir='ltr'><strong>Ciceronem</strong></span> <span class='ocrx_word' id='word_1_88' title='bbox 1050 1519 1287 1584; x_wconf 81' lang='lat' dir='ltr'><strong>nominaretur“</strong></span> 
     </span>
     <span class='ocr_line' id='line_1_12' title="bbox 246 1625 1288 1712; baseline 0.001 -21"><span class='ocrx_word' id='word_1_89' title='bbox 246 1627 377 1712; x_wconf 85' lang='lat' dir='ltr'><strong>velpro</strong></span> <span class='ocrx_word' id='word_1_90' title='bbox 397 1625 538 1691; x_wconf 80' lang='lat' dir='ltr'><strong>maxime</strong></span> <span class='ocrx_word' id='word_1_91' title='bbox 561 1627 680 1692; x_wconf 87' lang='lat' dir='ltr'><strong>usitato</strong></span> <span class='ocrx_word' id='word_1_92' title='bbox 705 1627 804 1708; x_wconf 86' lang='lat' dir='ltr'><strong>„ad“:</strong></span> <span class='ocrx_word' id='word_1_93' title='bbox 834 1632 1053 1692; x_wconf 79' lang='lat' dir='ltr'><strong>verumtamen</strong></span> <span class='ocrx_word' id='word_1_94' title='bbox 1081 1628 1288 1693; x_wconf 88' lang='lat' dir='ltr'><strong>manifestum</strong></span> 
     </span>
     <span class='ocr_line' id='line_1_13' title="bbox 245 1735 1290 1822; baseline 0 -20"><span class='ocrx_word' id='word_1_95' title='bbox 245 1738 480 1822; x_wconf 78' lang='lat' dir='ltr'><strong>praepositione</strong></span> <span class='ocrx_word' id='word_1_96' title='bbox 504 1736 694 1817; x_wconf 84' lang='lat' dir='ltr'><strong>„adversus“</strong></span> <span class='ocrx_word' id='word_1_97' title='bbox 718 1735 838 1800; x_wconf 89' lang='lat' dir='ltr'><strong>utendo</strong></span> <span class='ocrx_word' id='word_1_98' title='bbox 860 1735 949 1815; x_wconf 89' lang='lat' dir='ltr'><strong>fieri,</strong></span> <span class='ocrx_word' id='word_1_99' title='bbox 985 1741 1022 1800; x_wconf 93' lang='lat' dir='ltr'><strong>ut</strong></span> <span class='ocrx_word' id='word_1_100' title='bbox 1049 1738 1219 1802; x_wconf 80' lang='lat' dir='ltr'><strong>discrimen</strong></span> <span class='ocrx_word' id='word_1_101' title='bbox 1240 1760 1290 1802; x_wconf 87' lang='lat' dir='ltr'><strong>re-</strong></span> 
     </span>
     <span class='ocr_line' id='line_1_14' title="bbox 246 1845 1289 1929; baseline -0.001 -18"><span class='ocrx_word' id='word_1_102' title='bbox 246 1869 318 1912; x_wconf 89' lang='lat' dir='ltr'><strong>rum</strong></span> <span class='ocrx_word' id='word_1_103' title='bbox 345 1869 384 1912; x_wconf 86' lang='lat' dir='ltr'><strong>ex</strong></span> <span class='ocrx_word' id='word_1_104' title='bbox 413 1847 545 1912; x_wconf 88' lang='lat' dir='ltr'><strong>adverso</strong></span> <span class='ocrx_word' id='word_1_105' title='bbox 574 1845 770 1929; x_wconf 87' lang='lat' dir='ltr'><strong>positarum,</strong></span> <span class='ocrx_word' id='word_1_106' title='bbox 805 1846 890 1912; x_wconf 90' lang='lat' dir='ltr'><strong>uude</strong></span> <span class='ocrx_word' id='word_1_107' title='bbox 917 1846 1114 1929; x_wconf 83' lang='lat' dir='ltr'><strong>comparatio</strong></span> <span class='ocrx_word' id='word_1_108' title='bbox 1143 1845 1289 1928; x_wconf 61' lang='lat' dir='ltr'><strong>effioitur3</strong></span> 
     </span>
     <span class='ocr_line' id='line_1_15' title="bbox 246 1951 1289 2040; baseline -0.002 -19"><span class='ocrx_word' id='word_1_109' title='bbox 246 1955 348 2040; x_wconf 83' lang='lat' dir='ltr'><strong>magis</strong></span> <span class='ocrx_word' id='word_1_110' title='bbox 370 1955 493 2020; x_wconf 88' lang='lat' dir='ltr'><strong>ineidat</strong></span> <span class='ocrx_word' id='word_1_111' title='bbox 514 1954 546 2019; x_wconf 92' lang='lat' dir='ltr'><strong>in</strong></span> <span class='ocrx_word' id='word_1_112' title='bbox 569 1951 686 2017; x_wconf 86' lang='lat' dir='ltr'><strong>oeulos.</strong></span> <span class='ocrx_word' id='word_1_113' title='bbox 731 1953 757 2016; x_wconf 89' lang='lat' dir='ltr'>A</span> <span class='ocrx_word' id='word_1_114' title='bbox 781 1951 891 2016; x_wconf 81' lang='lat' dir='ltr'><strong>Tacito</strong></span> <span class='ocrx_word' id='word_1_115' title='bbox 913 1961 1089 2036; x_wconf 88' lang='lat' dir='ltr'><strong>praeeunte</strong></span> <span class='ocrx_word' id='word_1_116' title='bbox 1110 1955 1209 2036; x_wconf 81' lang='lat' dir='ltr'><strong>Livio,</strong></span> <span class='ocrx_word' id='word_1_117' title='bbox 1233 1956 1289 2039; x_wconf 93' lang='lat' dir='ltr'><strong>qui</strong></span> 
     </span>
     <span class='ocr_line' id='line_1_16' title="bbox 241 2059 1289 2150; baseline -0.001 -21"><span class='ocrx_word' id='word_1_118' title='bbox 241 2067 389 2150; x_wconf 88' lang='lat' dir='ltr'><strong>priorum</strong></span> <span class='ocrx_word' id='word_1_119' title='bbox 410 2063 601 2147; x_wconf 82' lang='lat' dir='ltr'><strong>scriptorum</strong></span> <span class='ocrx_word' id='word_1_120' title='bbox 625 2059 720 2138; x_wconf 81' lang='lat' dir='ltr'><strong>solus,</strong></span> <span class='ocrx_word' id='word_1_121' title='bbox 742 2064 779 2124; x_wconf 91' lang='lat' dir='ltr'><strong>ut</strong></span> <span class='ocrx_word' id='word_1_122' title='bbox 800 2059 934 2141; x_wconf 85' lang='lat' dir='ltr'><strong>videtur,</strong></span> <span class='ocrx_word' id='word_1_123' title='bbox 961 2061 1022 2126; x_wconf 90' lang='lat' dir='ltr'><strong>hae</strong></span> <span class='ocrx_word' id='word_1_124' title='bbox 1044 2063 1289 2146; x_wconf 83' lang='lat' dir='ltr'><strong>praepositionis</strong></span> 
     </span>
     <span class='ocr_line' id='line_1_17' title="bbox 246 2169 1287 2256; baseline -0.003 -17"><span class='ocrx_word' id='word_1_125' title='bbox 246 2176 277 2240; x_wconf 86' lang='lat' dir='ltr'><strong>vi</strong></span> <span class='ocrx_word' id='word_1_126' title='bbox 301 2175 403 2240; x_wconf 87' lang='lat' dir='ltr'><strong>utitur</strong></span> <span class='ocrx_word' id='word_1_127' title='bbox 426 2173 477 2253; x_wconf 85' lang='lat' dir='ltr'><strong>(of.</strong></span> <span class='ocrx_word' id='word_1_128' title='bbox 495 2171 592 2237; x_wconf 89' lang='lat' dir='ltr'><strong>Hand</strong></span> <span class='ocrx_word' id='word_1_129' title='bbox 608 2171 633 2234; x_wconf 91' lang='lat' dir='ltr'><strong>I.</strong></span> <span class='ocrx_word' id='word_1_130' title='bbox 654 2175 737 2250; x_wconf 88' lang='grc'>183),</span> <span class='ocrx_word' id='word_1_131' title='bbox 760 2169 863 2235; x_wconf 89' lang='lat' dir='ltr'><strong>tribus</strong></span> <span class='ocrx_word' id='word_1_132' title='bbox 885 2171 962 2238; x_wconf 86' lang='lat' dir='ltr'><strong>loeis</strong></span> <span class='ocrx_word' id='word_1_133' title='bbox 984 2182 1172 2256; x_wconf 89' lang='lat' dir='ltr'><strong>usurpatur:</strong></span> <span class='ocrx_word' id='word_1_134' title='bbox 1205 2173 1287 2238; x_wconf 88' lang='lat' dir='ltr'><strong>Dial.</strong></span> 
     </span>
     <span class='ocr_line' id='line_1_18' title="bbox 247 2281 1290 2365; baseline -0.004 -15"><span class='ocrx_word' id='word_1_135' title='bbox 247 2288 332 2365; x_wconf 82' lang='lat'>33‚5</span> <span class='ocrx_word' id='word_1_136' title='bbox 360 2281 593 2365; x_wconf 86' lang='lat' dir='ltr'><strong>„differentiam</strong></span> <span class='ocrx_word' id='word_1_137' title='bbox 615 2285 743 2346; x_wconf 88' lang='lat' dir='ltr'><strong>nostrae</strong></span> <span class='ocrx_word' id='word_1_138' title='bbox 766 2281 906 2347; x_wconf 88' lang='lat' dir='ltr'><strong>desidiae</strong></span> <span class='ocrx_word' id='word_1_139' title='bbox 928 2287 961 2346; x_wconf 90' lang='lat' dir='ltr'><strong>et</strong></span> <span class='ocrx_word' id='word_1_140' title='bbox 975 2282 1163 2347; x_wconf 79' lang='lat' dir='ltr'><strong>inscientiae</strong></span> <span class='ocrx_word' id='word_1_141' title='bbox 1178 2282 1290 2348; x_wconf 86' lang='lat' dir='ltr'><strong>adver-</strong></span> 
     </span>
     <span class='ocr_line' id='line_1_19' title="bbox 246 2390 1287 2460; baseline -0.004 0"><span class='ocrx_word' id='word_1_142' title='bbox 246 2415 299 2460; x_wconf 87' lang='lat' dir='ltr'><strong>sus</strong></span> <span class='ocrx_word' id='word_1_143' title='bbox 321 2394 477 2458; x_wconf 90' lang='lat' dir='ltr'><strong>aoerrima</strong></span> <span class='ocrx_word' id='word_1_144' title='bbox 498 2398 531 2458; x_wconf 89' lang='lat' dir='ltr'><strong>et</strong></span> <span class='ocrx_word' id='word_1_145' title='bbox 546 2390 772 2456; x_wconf 80' lang='lat' dir='ltr'><strong>fecundissima</strong></span> <span class='ocrx_word' id='word_1_146' title='bbox 786 2412 896 2458; x_wconf 89' lang='lat' dir='ltr'><strong>eorum</strong></span> <span class='ocrx_word' id='word_1_147' title='bbox 912 2391 1019 2456; x_wconf 88' lang='lat' dir='ltr'><strong>studia</strong></span> <span class='ocrx_word' id='word_1_148' title='bbox 1033 2392 1287 2458; x_wconf 86' lang='lat' dir='ltr'><strong>demonstrasti.“</strong></span> 
     </span>
     <span class='ocr_line' id='line_1_20' title="bbox 247 2501 1291 2586; baseline 0 -18"><span class='ocrx_word' id='word_1_149' title='bbox 247 2505 331 2568; x_wconf 82' lang='lat' dir='ltr'><strong>Anu.</strong></span> <span class='ocrx_word' id='word_1_150' title='bbox 348 2503 421 2568; x_wconf 86' lang='lat' dir='ltr'>XII.</span> <span class='ocrx_word' id='word_1_151' title='bbox 442 2505 489 2580; x_wconf 83' lang='lat'><strong>15,</strong></span> <span class='ocrx_word' id='word_1_152' title='bbox 509 2505 545 2564; x_wconf 88' lang='lat'><strong>12</strong></span> <span class='ocrx_word' id='word_1_153' title='bbox 572 2501 658 2581; x_wconf 87' lang='lat' dir='ltr'><strong>„Neo</strong></span> <span class='ocrx_word' id='word_1_154' title='bbox 679 2501 741 2566; x_wconf 89' lang='lat' dir='ltr'><strong>fuit</strong></span> <span class='ocrx_word' id='word_1_155' title='bbox 763 2502 795 2566; x_wconf 93' lang='lat' dir='ltr'><strong>in</strong></span> <span class='ocrx_word' id='word_1_156' title='bbox 819 2501 920 2566; x_wconf 89' lang='lat' dir='ltr'><strong>arduo</strong></span> <span class='ocrx_word' id='word_1_157' title='bbox 948 2501 1083 2567; x_wconf 85' lang='lat' dir='ltr'><strong>societas</strong></span> <span class='ocrx_word' id='word_1_158' title='bbox 1105 2502 1291 2586; x_wconf 88' lang='lat' dir='ltr'><strong>potentiam</strong></span> 
     </span>
     <span class='ocr_line' id='line_1_21' title="bbox 246 2610 1291 2681; baseline -0.002 -1"><span class='ocrx_word' id='word_1_159' title='bbox 246 2617 423 2681; x_wconf 87' lang='lat' dir='ltr'><strong>Romanam</strong></span> <span class='ocrx_word' id='word_1_160' title='bbox 446 2611 598 2676; x_wconf 85' lang='lat' dir='ltr'><strong>adversus</strong></span> <span class='ocrx_word' id='word_1_161' title='bbox 619 2610 770 2676; x_wconf 88' lang='lat' dir='ltr'><strong>rebellem</strong></span> <span class='ocrx_word' id='word_1_162' title='bbox 792 2611 1001 2678; x_wconf 86' lang='lat' dir='ltr'><strong>Mithridaten</strong></span> <span class='ocrx_word' id='word_1_163' title='bbox 1023 2613 1291 2678; x_wconf 88' lang='lat' dir='ltr'><strong>ostentantibus.“</strong></span> 
     </span>
     <span class='ocr_line' id='line_1_22' title="bbox 246 2719 1291 2805; baseline -0.003 -16"><span class='ocrx_word' id='word_1_164' title='bbox 246 2725 314 2790; x_wconf 88' lang='lat' dir='ltr'><strong>XV.</strong></span> <span class='ocrx_word' id='word_1_165' title='bbox 335 2728 382 2803; x_wconf 91' lang='grc'><strong>19,</strong></span> <span class='ocrx_word' id='word_1_166' title='bbox 400 2728 417 2786; x_wconf 82' lang='grc'><strong>6</strong></span> <span class='ocrx_word' id='word_1_167' title='bbox 437 2723 512 2805; x_wconf 84' lang='lat' dir='ltr'><strong>„jus</strong></span> <span class='ocrx_word' id='word_1_168' title='bbox 535 2725 679 2797; x_wconf 87' lang='lat' dir='ltr'><strong>naturae,</strong></span> <span class='ocrx_word' id='word_1_169' title='bbox 701 2719 827 2784; x_wconf 87' lang='lat' dir='ltr'><strong>labores</strong></span> <span class='ocrx_word' id='word_1_170' title='bbox 850 2721 1008 2786; x_wconf 82' lang='lat' dir='ltr'><strong>educandi</strong></span> <span class='ocrx_word' id='word_1_171' title='bbox 1029 2721 1182 2786; x_wconf 88' lang='lat' dir='ltr'><strong>adversus</strong></span> <span class='ocrx_word' id='word_1_172' title='bbox 1204 2722 1291 2786; x_wconf 88' lang='lat' dir='ltr'><strong>frau-</strong></span> 
     </span>
     <span class='ocr_line' id='line_1_23' title="bbox 247 2828 1289 2915; baseline -0.003 -16"><span class='ocrx_word' id='word_1_173' title='bbox 247 2833 319 2899; x_wconf 92' lang='lat' dir='ltr'><strong>dem</strong></span> <span class='ocrx_word' id='word_1_174' title='bbox 341 2839 374 2898; x_wconf 89' lang='lat' dir='ltr'><strong>et</strong></span> <span class='ocrx_word' id='word_1_175' title='bbox 396 2837 498 2896; x_wconf 90' lang='lat' dir='ltr'><strong>artem</strong></span> <span class='ocrx_word' id='word_1_176' title='bbox 518 2835 551 2894; x_wconf 89' lang='lat' dir='ltr'><strong>et</strong></span> <span class='ocrx_word' id='word_1_177' title='bbox 571 2828 761 2894; x_wconf 88' lang='lat' dir='ltr'><strong>brevitatem</strong></span> <span class='ocrx_word' id='word_1_178' title='bbox 784 2829 964 2913; x_wconf 89' lang='lat' dir='ltr'><strong>adoptionis</strong></span> <span class='ocrx_word' id='word_1_179' title='bbox 985 2837 1196 2896; x_wconf 84' lang='lat' dir='ltr'><strong>enumerant“</strong></span> <span class='ocrx_word' id='word_1_180' title='bbox 1218 2852 1289 2915; x_wconf 83' lang='lat' dir='ltr'><strong>„ge-</strong></span> 
     </span>
     <span class='ocr_line' id='line_1_24' title="bbox 246 2940 1226 3027; baseline -0.002 -18"><span class='ocrx_word' id='word_1_181' title='bbox 246 2943 406 3027; x_wconf 79' lang='lat' dir='ltr'><strong>genaben‘</strong></span> <span class='ocrx_word' id='word_1_182' title='bbox 428 2943 449 3006; x_wconf 93' lang='lat' dir='ltr'><strong>i.</strong></span> <span class='ocrx_word' id='word_1_183' title='bbox 465 2963 493 3006; x_wconf 91' lang='lat' dir='ltr'><strong>e.</strong></span> <span class='ocrx_word' id='word_1_184' title='bbox 518 2942 582 3022; x_wconf 89' lang='lat' dir='ltr'><strong>„im</strong></span> <span class='ocrx_word' id='word_1_185' title='bbox 604 2940 782 3024; x_wconf 84' lang='lat' dir='ltr'><strong>Gegensatz</strong></span> <span class='ocrx_word' id='word_1_186' title='bbox 805 2963 857 3021; x_wconf 82' lang='lat' dir='ltr'><strong>zu,</strong></span> <span class='ocrx_word' id='word_1_187' title='bbox 881 2942 925 3005; x_wconf 90' lang='lat' dir='ltr'><strong>im</strong></span> <span class='ocrx_word' id='word_1_188' title='bbox 948 2941 1113 3024; x_wconf 83' lang='lat' dir='ltr'><strong>Vergleioh</strong></span> <span class='ocrx_word' id='word_1_189' title='bbox 1135 2942 1226 3007; x_wconf 68' lang='lat' dir='ltr'><strong>misr*</strong></span> 
     </span>
    </p>

    <p class='ocr_par' dir='ltr' id='par_1_4' title="bbox 246 3050 1292 4128">
     <span class='ocr_line' id='line_1_25' title="bbox 332 3050 1290 3136; baseline -0.005 -17"><span class='ocrx_word' id='word_1_190' title='bbox 332 3054 367 3136; x_wconf 89' lang='lat' dir='ltr'><strong>d)</strong></span> <span class='ocrx_word' id='word_1_191' title='bbox 412 3051 534 3116; x_wconf 89' lang='lat' dir='ltr'><strong>Deinde</strong></span> <span class='ocrx_word' id='word_1_192' title='bbox 563 3051 727 3134; x_wconf 76' lang='lat' dir='ltr'><strong>primitiva</strong></span> <span class='ocrx_word' id='word_1_193' title='bbox 753 3051 814 3116; x_wconf 89' lang='lat' dir='ltr'><strong>loei</strong></span> <span class='ocrx_word' id='word_1_194' title='bbox 837 3054 996 3134; x_wconf 88' lang='lat' dir='ltr'><strong>potestate</strong></span> <span class='ocrx_word' id='word_1_195' title='bbox 1018 3051 1046 3116; x_wconf 85' lang='lat' dir='ltr'><strong>ie</strong></span> <span class='ocrx_word' id='word_1_196' title='bbox 1067 3071 1144 3116; x_wconf 88' lang='lat' dir='ltr'><strong>usus</strong></span> <span class='ocrx_word' id='word_1_197' title='bbox 1165 3050 1290 3131; x_wconf 80' lang='lat' dir='ltr'><strong>mittar,</strong></span> 
     </span>
     <span class='ocr_line' id='line_1_26' title="bbox 247 3159 1291 3250; baseline -0.006 -20"><span class='ocrx_word' id='word_1_198' title='bbox 247 3185 310 3250; x_wconf 87' lang='lat' dir='ltr'><strong>quo</strong></span> <span class='ocrx_word' id='word_1_199' title='bbox 331 3160 526 3247; x_wconf 88' lang='lat' dir='ltr'><strong>praepositio</strong></span> <span class='ocrx_word' id='word_1_200' title='bbox 554 3161 746 3240; x_wconf 86' lang='lat' dir='ltr'><strong>‚‚adversus“</strong></span> <span class='ocrx_word' id='word_1_201' title='bbox 769 3161 955 3244; x_wconf 85' lang='lat' dir='ltr'><strong>simpliciter</strong></span> <span class='ocrx_word' id='word_1_202' title='bbox 970 3159 1159 3226; x_wconf 88' lang='lat' dir='ltr'><strong>relationem</strong></span> <span class='ocrx_word' id='word_1_203' title='bbox 1174 3160 1207 3226; x_wconf 90' lang='lat' dir='ltr'><strong>in</strong></span> <span class='ocrx_word' id='word_1_204' title='bbox 1222 3161 1291 3224; x_wconf 91' lang='lat' dir='ltr'><strong>uni·</strong></span> 
     </span>
     <span class='ocr_line' id='line_1_27' title="bbox 246 3269 1290 3353; baseline -0.003 -14"><span class='ocrx_word' id='word_1_205' title='bbox 246 3293 372 3340; x_wconf 85' lang='lat' dir='ltr'><strong>versum</strong></span> <span class='ocrx_word' id='word_1_206' title='bbox 393 3270 525 3349; x_wconf 81' lang='lat' dir='ltr'><strong>indicat,</strong></span> <span class='ocrx_word' id='word_1_207' title='bbox 549 3291 632 3353; x_wconf 87' lang='lat' dir='ltr'><strong>quae</strong></span> <span class='ocrx_word' id='word_1_208' title='bbox 654 3270 751 3336; x_wconf 92' lang='lat' dir='ltr'><strong>alioui</strong></span> <span class='ocrx_word' id='word_1_209' title='bbox 772 3289 927 3353; x_wconf 90' lang='lat' dir='ltr'><strong>personae</strong></span> <span class='ocrx_word' id='word_1_210' title='bbox 949 3269 999 3335; x_wconf 84' lang='lat' dir='ltr'><strong>vel</strong></span> <span class='ocrx_word' id='word_1_211' title='bbox 1021 3271 1068 3336; x_wconf 90' lang='lat' dir='ltr'><strong>rei</strong></span> <span class='ocrx_word' id='word_1_212' title='bbox 1090 3291 1162 3335; x_wconf 88' lang='lat' dir='ltr'><strong>oum</strong></span> <span class='ocrx_word' id='word_1_213' title='bbox 1184 3292 1219 3336; x_wconf 91' lang='lat' dir='ltr'><strong>re</strong></span> <span class='ocrx_word' id='word_1_214' title='bbox 1240 3271 1290 3336; x_wconf 84' lang='lat' dir='ltr'><strong>vel</strong></span> 
     </span>
     <span class='ocr_line' id='line_1_28' title="bbox 247 3379 1290 3469; baseline -0.002 -20"><span class='ocrx_word' id='word_1_215' title='bbox 247 3403 386 3469; x_wconf 89' lang='lat' dir='ltr'><strong>persona</strong></span> <span class='ocrx_word' id='word_1_216' title='bbox 408 3387 465 3448; x_wconf 88' lang='lat' dir='ltr'><strong>est.</strong></span> <span class='ocrx_word' id='word_1_217' title='bbox 502 3383 608 3465; x_wconf 89' lang='lat' dir='ltr'><strong>Atque</strong></span> <span class='ocrx_word' id='word_1_218' title='bbox 631 3382 676 3446; x_wconf 89' lang='lat' dir='ltr'><strong>sio</strong></span> <span class='ocrx_word' id='word_1_219' title='bbox 698 3399 824 3463; x_wconf 89' lang='lat' dir='ltr'><strong>quoque</strong></span> <span class='ocrx_word' id='word_1_220' title='bbox 847 3379 1038 3459; x_wconf 80' lang='lat' dir='ltr'><strong>„adversus“</strong></span> <span class='ocrx_word' id='word_1_221' title='bbox 1061 3385 1236 3466; x_wconf 87' lang='lat' dir='ltr'><strong>usurpatur</strong></span> <span class='ocrx_word' id='word_1_222' title='bbox 1256 3382 1290 3448; x_wconf 90' lang='lat' dir='ltr'><strong>in</strong></span> 
     </span>
     <span class='ocr_line' id='line_1_29' title="bbox 247 3491 1291 3576; baseline -0.004 -17"><span class='ocrx_word' id='word_1_223' title='bbox 247 3494 440 3559; x_wconf 90' lang='lat' dir='ltr'><strong>universum·</strong></span> <span class='ocrx_word' id='word_1_224' title='bbox 458 3492 518 3572; x_wconf 85' lang='lat' dir='ltr'><strong>„de</strong></span> <span class='ocrx_word' id='word_1_225' title='bbox 547 3493 654 3556; x_wconf 91' lang='lat' dir='ltr'><strong>animo</strong></span> <span class='ocrx_word' id='word_1_226' title='bbox 683 3498 715 3557; x_wconf 92' lang='lat' dir='ltr'><strong>et</strong></span> <span class='ocrx_word' id='word_1_227' title='bbox 741 3492 857 3574; x_wconf 81' lang='lat' dir='ltr'><strong>agendi</strong></span> <span class='ocrx_word' id='word_1_228' title='bbox 879 3491 973 3557; x_wconf 89' lang='lat' dir='ltr'><strong>modo</strong></span> <span class='ocrx_word' id='word_1_229' title='bbox 994 3511 1199 3576; x_wconf 83' lang='lat' dir='ltr'><strong>quoeunque,</strong></span> <span class='ocrx_word' id='word_1_230' title='bbox 1235 3491 1291 3575; x_wconf 91' lang='lat' dir='ltr'><strong>qui</strong></span> 
     </span>
     <span class='ocr_line' id='line_1_30' title="bbox 247 3603 1291 3688; baseline -0.004 -19"><span class='ocrx_word' id='word_1_231' title='bbox 247 3623 418 3678; x_wconf 80' lang='lat' dir='ltr'><strong>conversus</strong></span> <span class='ocrx_word' id='word_1_232' title='bbox 440 3607 489 3668; x_wconf 89' lang='lat' dir='ltr'><strong>est</strong></span> <span class='ocrx_word' id='word_1_233' title='bbox 510 3604 552 3669; x_wconf 89' lang='lat' dir='ltr'><strong>ad</strong></span> <span class='ocrx_word' id='word_1_234' title='bbox 576 3605 716 3688; x_wconf 90' lang='lat' dir='ltr'><strong>aliquem</strong></span> <span class='ocrx_word' id='word_1_235' title='bbox 738 3603 920 3667; x_wconf 86' lang='lat' dir='ltr'><strong>hominem“</strong></span> <span class='ocrx_word' id='word_1_236' title='bbox 942 3621 1043 3685; x_wconf 89' lang='lat' dir='ltr'><strong>eaque</strong></span> <span class='ocrx_word' id='word_1_237' title='bbox 1059 3603 1186 3667; x_wconf 89' lang='lat' dir='ltr'><strong>notione</strong></span> <span class='ocrx_word' id='word_1_238' title='bbox 1201 3623 1291 3686; x_wconf 89' lang='lat' dir='ltr'><strong>pror·</strong></span> 
     </span>
     <span class='ocr_line' id='line_1_31' title="bbox 247 3711 1291 3797; baseline -0.006 -17"><span class='ocrx_word' id='word_1_239' title='bbox 247 3736 300 3780; x_wconf 89' lang='lat' dir='ltr'><strong>sus</strong></span> <span class='ocrx_word' id='word_1_240' title='bbox 314 3721 423 3778; x_wconf 86' lang='lat' dir='ltr'><strong>nostro</strong></span> <span class='ocrx_word' id='word_1_241' title='bbox 435 3713 587 3778; x_wconf 83' lang='lat' dir='ltr'><strong>vocabalo</strong></span> <span class='ocrx_word' id='word_1_242' title='bbox 600 3712 819 3797; x_wconf 83' lang='lat' dir='ltr'><strong>„gegeniiber“</strong></span> <span class='ocrx_word' id='word_1_243' title='bbox 842 3712 863 3776; x_wconf 93' lang='lat' dir='ltr'><strong>i.</strong></span> <span class='ocrx_word' id='word_1_244' title='bbox 880 3733 906 3776; x_wconf 83' lang='lat' dir='ltr'><strong>e·</strong></span> <span class='ocrx_word' id='word_1_245' title='bbox 931 3716 1070 3795; x_wconf 67' lang='lat' dir='ltr'><strong>„gegan‘</strong></span> <span class='ocrx_word' id='word_1_246' title='bbox 1093 3711 1142 3776; x_wconf 86' lang='lat' dir='ltr'><strong>vel</strong></span> <span class='ocrx_word' id='word_1_247' title='bbox 1163 3711 1217 3791; x_wconf 87' lang='lat' dir='ltr'><strong>„in</strong></span> <span class='ocrx_word' id='word_1_248' title='bbox 1233 3711 1291 3774; x_wconf 86' lang='lat' dir='ltr'><strong>Be—</strong></span> 
     </span>
     <span class='ocr_line' id='line_1_32' title="bbox 247 3810 1291 3907; baseline -0.005 -18"><span class='ocrx_word' id='word_1_249' title='bbox 247 3823 384 3907; x_wconf 85' lang='lat' dir='ltr'><strong>ziehung</strong></span> <span class='ocrx_word' id='word_1_250' title='bbox 399 3823 464 3903; x_wconf 89' lang='lat' dir='ltr'><strong>auf,</strong></span> <span class='ocrx_word' id='word_1_251' title='bbox 480 3821 705 3886; x_wconf 85' lang='lat' dir='ltr'><strong>hinsiohtlioh“</strong></span> <span class='ocrx_word' id='word_1_252' title='bbox 722 3821 901 3905; x_wconf 89' lang='lat' dir='ltr'><strong>respondet.</strong></span> <span class='ocrx_word' id='word_1_253' title='bbox 926 3821 1072 3886; x_wconf 82' lang='lat' dir='ltr'><strong>Eundem</strong></span> <span class='ocrx_word' id='word_1_254' title='bbox 1086 3810 1184 3885; x_wconf 82' lang='lat' dir='ltr'><strong>habet</strong></span> <span class='ocrx_word' id='word_1_255' title='bbox 1198 3841 1291 3884; x_wconf 88' lang='lat' dir='ltr'><strong>usum</strong></span> 
     </span>
     <span class='ocr_line' id='line_1_33' title="bbox 248 3930 1289 4020; baseline -0.007 -22"><span class='ocrx_word' id='word_1_256' title='bbox 248 3932 441 4020; x_wconf 88' lang='lat' dir='ltr'><strong>praepositio</strong></span> <span class='ocrx_word' id='word_1_257' title='bbox 465 3937 597 4014; x_wconf 77' lang='lat' dir='ltr'><strong>‚,erpa“:</strong></span> <span class='ocrx_word' id='word_1_258' title='bbox 635 3934 744 4016; x_wconf 89' lang='lat' dir='ltr'><strong>itaque</strong></span> <span class='ocrx_word' id='word_1_259' title='bbox 773 3938 858 3997; x_wconf 89' lang='lat' dir='ltr'><strong>reete</strong></span> <span class='ocrx_word' id='word_1_260' title='bbox 880 3932 914 3996; x_wconf 90' lang='lat' dir='ltr'><strong>in</strong></span> <span class='ocrx_word' id='word_1_261' title='bbox 936 3935 1014 3994; x_wconf 87' lang='lat' dir='ltr'><strong>nota</strong></span> <span class='ocrx_word' id='word_1_262' title='bbox 1035 3930 1077 3994; x_wconf 88' lang='lat' dir='ltr'><strong>ad</strong></span> <span class='ocrx_word' id='word_1_263' title='bbox 1099 3930 1173 4012; x_wconf 84' lang='lat' dir='ltr'><strong>Agr.</strong></span> <span class='ocrx_word' id='word_1_264' title='bbox 1197 3935 1227 4009; x_wconf 82' lang='lat'><strong>5,</strong></span> <span class='ocrx_word' id='word_1_265' title='bbox 1253 3933 1289 3992; x_wconf 82' lang='lat'><strong>15</strong></span> 
     </span>
     <span class='ocr_line' id='line_1_34' title="bbox 248 4038 1292 4128; baseline -0.004 -20"><span class='ocrx_word' id='word_1_266' title='bbox 248 4043 389 4128; x_wconf 87' lang='lat' dir='ltr'><strong>„gloriae</strong></span> <span class='ocrx_word' id='word_1_267' title='bbox 411 4041 536 4126; x_wconf 82' lang='lat' dir='ltr'><strong>cupido,</strong></span> <span class='ocrx_word' id='word_1_268' title='bbox 560 4042 688 4124; x_wconf 85' lang='lat' dir='ltr'><strong>ingrata</strong></span> <span class='ocrx_word' id='word_1_269' title='bbox 710 4041 915 4125; x_wconf 87' lang='lat' dir='ltr'><strong>temporibus,</strong></span> <span class='ocrx_word' id='word_1_270' title='bbox 938 4040 1054 4123; x_wconf 91' lang='lat' dir='ltr'><strong>quibus</strong></span> <span class='ocrx_word' id='word_1_271' title='bbox 1069 4038 1201 4104; x_wconf 86' lang='lat' dir='ltr'><strong>sinistra</strong></span> <span class='ocrx_word' id='word_1_272' title='bbox 1216 4059 1292 4121; x_wconf 80' lang='lat' dir='ltr'><strong>erga</strong></span> 
     </span>
    </p>
   </div>
   <div class='ocr_carea' id='block_1_3' title="bbox 248 4148 1421 4236">
    <p class='ocr_par' dir='ltr' id='par_1_5' title="bbox 248 4148 1421 4236">
     <span class='ocr_line' id='line_1_35' title="bbox 248 4148 1421 4236; baseline -0.008 -16"><span class='ocrx_word' id='word_1_273' title='bbox 248 4154 425 4220; x_wconf 87' lang='lat' dir='ltr'><strong>eminentes</strong></span> <span class='ocrx_word' id='word_1_274' title='bbox 457 4152 702 4236; x_wconf 89' lang='lat' dir='ltr'><strong>interpretati0“</strong></span> <span class='ocrx_word' id='word_1_275' title='bbox 736 4154 892 4218; x_wconf 74' lang='lat' dir='ltr'><strong>Kritzius&#39;</strong></span> <span class='ocrx_word' id='word_1_276' title='bbox 911 4151 979 4234; x_wconf 89' lang='lat' dir='ltr'><strong>jam</strong></span> <span class='ocrx_word' id='word_1_277' title='bbox 1008 4149 1149 4213; x_wconf 89' lang='lat' dir='ltr'><strong>monuit:</strong></span> <span class='ocrx_word' id='word_1_278' title='bbox 1187 4148 1292 4214; x_wconf 87' lang='lat' dir='ltr'><strong>Verba</strong></span> <span class='ocrx_word' id='word_1_279' title='bbox 1420 4149 1421 4160; x_wconf 75' lang='grc'>’</span> 
     </span>
    </p>
   </div>
   <div class='ocr_carea' id='block_1_4' title="bbox 248 4257 1346 4346">
    <p class='ocr_par' dir='ltr' id='par_1_6' title="bbox 248 4257 1346 4346">
     <span class='ocr_line' id='line_1_36' title="bbox 248 4257 1346 4346; baseline -0.011 -17"><span class='ocrx_word' id='word_1_280' title='bbox 248 4283 344 4346; x_wconf 85' lang='lat' dir='ltr'><strong>„erga</strong></span> <span class='ocrx_word' id='word_1_281' title='bbox 374 4260 569 4326; x_wconf 87' lang='lat' dir='ltr'><strong>eminentes“</strong></span> <span class='ocrx_word' id='word_1_282' title='bbox 602 4283 706 4346; x_wconf 89' lang='lat' dir='ltr'><strong>neque</strong></span> <span class='ocrx_word' id='word_1_283' title='bbox 740 4262 880 4346; x_wconf 90' lang='lat' dir='ltr'><strong>pendent</strong></span> <span class='ocrx_word' id='word_1_284' title='bbox 916 4281 955 4324; x_wconf 86' lang='lat' dir='ltr'><strong>ex</strong></span> <span class='ocrx_word' id='word_1_285' title='bbox 989 4257 1159 4339; x_wconf 84' lang='lat' dir='ltr'><strong>‚,sinistra“</strong></span> <span class='ocrx_word' id='word_1_286' title='bbox 1188 4278 1290 4341; x_wconf 87' lang='lat' dir='ltr'><strong>neque</strong></span> <span class='ocrx_word' id='word_1_287' title='bbox 1339 4299 1346 4316; x_wconf 93' lang='lat'><strong>.</strong></span> 
     </span>
    </p>
   </div>
   <div class='ocr_carea' id='block_1_5' title="bbox 0 0 1455 4772">
    <p class='ocr_par' dir='ltr' id='par_1_7' title="bbox 0 0 1455 4772">
     <span class='ocr_line' id='line_1_37' title="bbox 0 0 1455 4772; baseline 0 0"><span class='ocrx_word' id='word_1_288' title='bbox 0 0 1455 4772; x_wconf 95' lang='lat' dir='ltr'><strong> </strong></span> 
     </span>
    </p>
   </div>
  </div>
 </body>
</html>
