2894 4774
299 1473 469 1558 Inprimis
492 1495 547 1538 sex
570 1474 743 1539 Annalium
764 1473 854 1539 libris
885 1476 932 1548 (et
953 1473 1022 1539 XV.
1049 1477 1096 1552 16,
1123 1477 1174 1552 12)
1202 1494 1255 1537 va·

212 1587 264 1652 ria'
292 1586 375 1651 hanc
403 1587 672 1671 praepositionem
705 1583 865 1650 scribendi
886 1582 970 1647 ratio
993 1583 1078 1666 apud
1101 1583 1255 1648 recentio-

213 1717 264 1761 res
287 1694 390 1760 Taciti
411 1694 553 1760 editores·
573 1694 707 1772 (Ritter‚
730 1691 845 1770 Orelli,
868 1691 1063 1775 Nipperdey)
1086 1692 1256 1773 iuvenitur,

213 1803 269 1888 qui
291 1802 426 1867 Medioei
454 1801 551 1887 primi
577 1799 695 1866 codicis
717 1799 907 1883 scripturam
930 1800 1032 1865 secuti
1052 1799 1147 1866 modo
1169 1802 1258 1886 apud

215 1912 309 1977 modo
331 1919 409 1996 aput
425 1911 464 1975 in
485 1910 576 1976 libris
598 1913 796 1994 receperunt.
842 1909 888 1974 De
911 1931 950 1974 ea
970 1930 1005 1974 re
1020 1911 1097 1994 quid
1114 1916 1256 1978 statuen-

215 2020 291 2085 dum
314 2020 371 2099 sit,
401 2041 477 2084 num
499 2019 646 2083 Tacitum
667 2019 771 2102 ipsum
795 2022 922 2084 tantum
945 2019 1086 2085 variasse
1108 2027 1257 2105 putemus
1354 2031 1357 2038 '

214 2133 252 2194 ut
279 2149 307 2193 e.
330 2149 360 2212 g.
382 2126 545 2210 scripserit
572 2126 605 2190 iu
636 2124 901 2205 unalitas
936 2127 1053 2209 „aliam
1083 2131 1170 2214 apud
1196 2131 1257 2196 Fa·

214 2237 345 2316 britios,
383 2235 481 2301 aliam
503 2245 581 2320 aput
602 2237 765 2320 Scipiones
793 2237 991 2320 pecuniam“‚
1028 2259 1093 2304 non
1124 2245 1173 2304 est
1200 2262 1258 2306 cur

215 2346 367 2412 hocloco
390 2346 565 2430 disputem:
598 2347 773 2432 eademque
801 2348 926 2413 ratione
950 2348 1158 2432 supersedere
1179 2350 1258 2416 mihi

214 2460 326 2526 videor
348 2439 471 2543 aliquid
493 2458 608 2524 afferre
636 2459 674 2524 de
697 2457 943 2543 praepositionis
965 2477 1037 2524 oum
1058 2458 1164 2524 verbis
1185 2482 1258 2526 oon-

213 2570 327 2654 juncta
349 2569 522 2653 scriptione
549 2576 585 2635 ut
608 2575 806 2655 „aputquos“
830 2574 864 2634 et
885 2588 967 2652 quae
989 2575 1065 2634 sunt
1086 2569 1203 2634 similia
1219 2573 1257 2638 Ι).

218 2678 314 2744 Certa
335 2678 387 2743 Iex
409 2679 539 2762 quidem
560 2679 662 2744 in0eis
691 2698 756 2743 non
783 2677 992 2763 perspicitur:
1031 2677 1112 2742 talia
1141 2699 1260 2763 magna

216 2794 371 2873 exparte
394 2788 530 2867 edoce,
563 2789 618 2872 qui
641 2788 837 2872 exemplaria
858 2787 1019 2868 fecerunt,
1056 2789 1157 2873 magis
1179 2789 1260 2856 refe·

217 2898 317 2963 renda
341 2918 437 2982 quam
459 2896 569 2962 Tacito
592 2897 654 2980 ipsi
676 2897 824 2962 videntur
844 2897 1036 2962 vindicanda
1058 2919 1137 2965 esse.

304 3008 352 3073 De
373 3028 411 3072 eo
433 3027 513 3086 usu,
551 3027 614 3090 quo
642 3005 722 3071 haec
748 3009 943 3092 praepositio
966 3030 1039 3074 cum
1061 3009 1133 3073 aliis
1156 3010 1260 3076 verbis

217 3119 372 3198 variatur,
395 3116 550 3182 nonnulla
571 3123 647 3182 sunt
662 3119 948 3184 commemoranda.
995 3120 1099 3203 Atque
1121 3118 1260 3203 primum

218 3228 280 3292 loci
302 3227 516 3305 inveniuntur,
539 3225 654 3309 quibus
679 3226 804 3310 „apud“
829 3248 900 3292 cum
925 3227 996 3292 aliis
1017 3229 1262 3312 praepositioni-

218 3338 278 3402 bus
309 3335 465 3420 (Draeger
495 3335 637 3418 „Syntax
667 3355 698 3399 u.
723 3335 782 3400 Stil
804 3337 831 3420 ἕ.
850 3341 924 3415 104)
953 3343 1179 3404 commutatur.
1223 3339 1259 3404 Iu

219 3443 396 3513 minoribus
419 3445 546 3529 scriptis
569 3451 603 3510 et
626 3447 794 3527 Historiis,
823 3449 878 3514 ubi
900 3448 933 3511 in
956 3448 1140 3513 universum
1162 3470 1262 3514 enun-

220 3559 373 3622 tiatorum
401 3555 546 3620 membra
575 3556 677 3638 magis
706 3557 791 3620 inter
822 3576 855 3620 se
884 3561 1033 3622 accurate
1068 3557 1263 3640 respondent

220 3689 316 3752 quam
340 3667 372 3730 in
396 3662 575 3729 Annalibus
597 3664 696 3742 (Roth
712 3664 816 3747 Agric.
834 3684 955 3728 excurs.
973 3665 1125 3730 XXXIII.
1142 3686 1173 3750 p.
1191 3670 1262 3732 277.

222 3776 349 3842 Zernial
372 3774 500 3839 ‘selecta
522 3774 681 3858 quaedam
703 3774 811 3858 capita
834 3796 872 3839 ex
895 3774 1034 3857 genetivi
1050 3797 1110 3840 usu
1124 3775 1263 3842 Taciteo'

221 3913 252 3975 p.
279 3893 331 3964 14)
354 3908 459 3972 pauca
480 3892 608 3953 tantum
630 3884 776 3969 exempla
798 3889 942 3951 exstant:
967 3883 1054 3978 nial..
1067 3889 1096 3966 5,
1114 3889 1155 3951 30
1179 3887 1264 3969 „sive
1330 3884 1336 3892 '

222 4054 423 4066 ——-—-

295 4140 315 4209 1)
353 4140 387 4195 cI.
406 4139 539 4210 Nipperd.
558 4138 593 4193 sd
611 4139 682 4192 Anu.
701 4136 722 4206 1,
742 4136 784 4190 15.
