2894 4774
752 372 792 432 44

250 555 345 634 gente
376 547 426 614 vel
458 570 538 614 auro
571 549 689 616 solidas
721 548 873 614 adversus
908 545 1078 613 offerentes
1110 544 1293 631 prohibuit“

250 658 335 741 quod
364 679 422 724 nos
451 659 604 723 vertimus
636 659 712 739 „frtr
739 657 805 722 sich
832 657 943 740 schlug
967 678 1001 722 er
1023 655 1159 721 Statuen
1182 655 1294 732 denen,

252 767 304 836 die
327 767 372 831 sie
395 767 461 831 ihm
484 766 632 845 anboten,
656 765 727 832 ab.“
751 808 790 818 -
814 766 887 831 XII.
906 769 955 846 29,
975 770 1010 830 ll
1039 764 1214 848 „legionem
1235 786 1294 849 pro

249 877 322 960 ripa
344 880 564 960 componeret,
595 875 737 942 subsidio
759 877 851 941 victis
873 881 906 941 et
924 880 1077 941 terrorem
1102 874 1172 940 adv.
1196 874 1294 939 victo-

250 989 320 1050 res“
346 984 414 1066 „als
436 983 641 1050 Schreckniss
665 985 726 1050 den
750 985 879 1068 Siegern
903 985 1111 1069 gegeniiber.“

335 1097 408 1178 Agr.
432 1099 460 1176 9,
487 1100 522 1160 17
555 1096 696 1178 ,Procul
724 1098 765 1163 ab
783 1097 1014 1162 aemulatione
1044 1096 1115 1161 adv.
1145 1093 1293 1178 collegae,

248 1205 360 1288 procul
383 1225 403 1268 a
425 1206 629 1270 contentione
652 1205 723 1270 adv.
746 1210 969 1289 procuratores
991 1209 1024 1269 et
1045 1203 1172 1268 vincere
1193 1202 1292 1286 inglo-

249 1312 334 1378 rium
364 1319 397 1378 et
426 1315 522 1379 atteri
551 1315 713 1382 sordidum
743 1315 981 1382 arbitrabatur“
1011 1314 1118 1379 seinen
1149 1314 1292 1394 Amtsge·

249 1444 365 1488 nossen
380 1424 570 1508 gegendber,
583 1425 633 1490 of.
651 1442 733 1509 quae
748 1424 789 1489 ad
799 1427 873 1510 Agr.
883 1430 912 1504 5,
928 1429 965 1488 15
985 1444 1082 1506 ,erga
1096 1421 1290 1488 eminentes“

249 1551 348 1615 supra
364 1537 472 1615 (p.42)
495 1533 673 1599 attulimus.
697 1535 908 1614 nnnxnm,
924 1537 979 1598 12:
1006 1532 1104 1614 ,Adu
1114 1535 1292 1617 superiores

250 1642 335 1706 tristi
364 1641 567 1723 adulatione,
604 1663 760 1728 arrogans
788 1642 994 1708 minoribus.“
1020 1677 1057 1689 -
1082 1642 1155 1707 XII.
1173 1646 1224 1721 55,
1244 1645 1291 1705 10.

249 1750 334 1816 XIV.
353 1755 403 1830 23,
423 1755 461 1815 10
486 1751 571 1832 „dux
586 1752 750 1818 Romanus
770 1751 903 1817 diversis
918 1750 1052 1828 artibus,
1074 1749 1292 1815 misericordia

249 1859 320 1924 adv.
350 1861 527 1945 supplices,
571 1861 734 1926 celeritate
764 1861 834 1925 adu.
865 1859 1036 1944 prolug0s“
1069 1858 1292 1924 verschiedene

249 1969 354 2035 Mittel
376 1971 583 2052 anwendend,
607 1973 732 2039 Mitleid
755 1972 816 2037 den
840 2007 876 2019 -
895 2010 933 2020 -
958 1969 1156 2055 gegeniiber,
1193 1989 1291 2053 gegen

248 2079 309 2144 die.
356 2080 424 2144 XV.
447 2085 545 2159 las
573 2081 776 2162 ,facundiam
807 2079 935 2144 tuendis
963 2078 1085 2145 civibus
1114 2077 1292 2156 exercebat,

247 2187 449 2270 largitionem
472 2188 543 2254 adv.
567 2190 685 2254 amicos
707 2195 740 2253 et
762 2189 881 2272 ignotis
902 2209 1028 2272 quoque
1050 2188 1131 2252 comi
1147 2207 1291 2252 sermone

247 2303 280 2364 et
308 2304 511 2382 congressu.“
556 2301 626 2365 Hoc
653 2300 723 2396 loco
745 2298 958 2384 Nipperdeius
980 2297 1134 2364 Orellium
1165 2303 1291 2363 secutus

149 2427 152 2431 ·
247 2413 321 2494 post
340 2409 532 2493 particulam
558 2417 722 2496 „quoque“
747 2412 871 2496 signum
896 2410 1063 2476 commatis
1084 2409 1206 2493 posuit:
1236 2408 1290 2473 sed

247 2522 377 2604 praeter
399 2518 538 2603 abrupta
564 2519 598 2584 in
619 2519 684 2586 fine
706 2520 866 2587 enuntiati
888 2519 986 2585 verba
1008 2519 1171 2602 responsio
1195 2537 1290 2582 mem-

246 2628 395 2710 brorum,
429 2651 624 2713 quamquam
647 2628 686 2694 de
709 2651 805 2694 sensu
826 2629 922 2714 hujus
945 2629 1005 2696 loci
1027 2628 1199 2711 disceptari
1222 2631 1291 2710 pot·

247 2742 304 2817 est,
326 2739 489 2823 postulare
512 2738 647 2819 videtur,
670 2745 706 2805 ut
721 2741 818 2807 verba
842 2741 977 2823 ,ignotis
992 2744 1137 2823 quoque“
1163 2743 1216 2818 (=
1235 2738 1290 2802 ad·

249 2869 359 2914 versus
380 2849 519 2932 ignotos)
542 2849 583 2912 ad
606 2849 711 2928 verba,
734 2869 816 2934 quae
832 2854 1018 2933 sequuntur,
1041 2847 1233 2914 referantur.
1249 2885 1289 2895 -

248 2956 305 3020 XI.
328 2961 375 3035 18,
394 2961 431 3022 19
455 2957 599 3048 „magnis
621 2957 747 3023 delictis
768 2956 997 3023 inexorabilem
1020 2957 1117 3034 scias,
1147 2957 1198 3022 cni
1220 2961 1291 3021 tan-

248 3069 318 3129 tum
346 3065 529 3150 asperitatis
557 3066 654 3131 etiam
684 3065 755 3130 adv.
780 3064 863 3130 levia
886 3065 1094 3132 credebatur“
1127 3065 1148 3129 i.
1165 3085 1192 3130 e.
1216 3066 1289 3131 dem

247 3195 323 3238 man
345 3175 443 3240 soulel
466 3175 567 3242 Hirte
597 3175 695 3241 selbst
717 3174 965 3241 unerhebliehen
989 3175 1154 3256 Vergehen
1177 3197 1291 3258 gogon-

247 3283 346 3364 iiber,
383 3283 434 3349 bei
457 3321 497 3330 -
520 3321 559 3331 -
585 3287 763 3349 zutraute.“
796 3323 833 3332 -
880 3283 1001 3349 Eadem
1028 3284 1151 3350 ratione
1173 3285 1291 3351 dicitur

248 3391 352 3456 Germ.
378 3395 427 3471 23,
450 3397 468 3456 5
502 3390 591 3472 „adu
614 3391 700 3455 sitim
731 3410 794 3455 non
823 3392 933 3456 eadem
962 3395 1194 3476 temperantia“
1217 3395 1239 3458 i.
1261 3416 1289 3460 e.

196 3543 202 3556 ·
250 3501 341 3584 „dem
365 3501 464 3567 Durst
485 3501 685 3586 gegendber“
711 3535 746 3560 =
769 3499 974 3566 hinsichtlich
998 3499 1053 3565 des
1075 3501 1218 3568 Durstea
1249 3503 1288 3568 Il.

247 3615 271 3678 I.
290 3617 340 3692 66,
360 3616 397 3677 16
416 3613 636 3696 ,pactionibus
651 3609 722 3674 adv.
737 3629 934 3693 possessores
949 3629 1099 3692 agrorum
1116 3612 1291 3697 „Vertr'eige

246 3721 307 3802 mit
335 3721 396 3786 den
420 3719 726 3812 'Grundbesitzernss
774 3717 810 3780 Α.
833 3716 890 3781 III.
913 3720 963 3797 29,
987 3723 1005 3782 9
1037 3720 1192 3804 privignis
1221 3743 1291 3786 cum

247 3832 360 3896 vitrico
388 3831 487 3896 levior
518 3825 718 3892 necessitudo
746 3845 858 3909 quarn·
871 3845 931 3891 avo
961 3827 1032 3892 adr.
1061 3833 1218 3912 nepotem.
1250 3869 1288 3879 —

248 3941 297 4006 Ad
319 3941 405 4006 hunc
426 3961 518 4005 usum
541 3960 668 4023 quoque
689 3937 847 4003 referendi
870 3943 946 4002 sunt
968 3937 1030 4005 loci
1051 3939 1083 4002 in
1101 3940 1182 4004 Ann.
1198 3940 1288 4005 XIII.

250 4057 298 4131 17,
322 4057 341 4115 4
373 4049 598 4131 ,Britannicus
628 4049 771 4133 sepultus
794 4055 843 4114 est
864 4049 945 4114 adeo
967 4047 1105 4113 turbidis
1126 4049 1290 4129 imbribus,

247 4166 284 4225 ut
313 4159 426 4242 vulgus
455 4159 538 4223 iram
567 4159 661 4223 deum
691 4157 841 4242 portendi
867 4157 1039 4222 crediderit
1061 4157 1132 4220 adv.
1156 4157 1289 4236 facinus,

247 4270 299 4336 cui
319 4268 464 4353 plerique
486 4268 586 4333 etiam
609 4267 773 4333 hominum
794 4267 1021 4351 ignoscebant“
1037 4267 1058 4332 i.
1074 4288 1102 4332 e.
1117 4267 1205 4332 einer
1216 4265 1290 4331 Fre·
