2894 4774
574 1190 804 1272 Prooemium.

252 1464 410 1529 Proximis
433 1463 630 1547 temporibus
650 1463 685 1528 in
707 1461 810 1528 Taciti
832 1463 960 1548 scriptis
981 1451 1212 1549 investigandis

168 1574 234 1640 sive
256 1573 342 1657 quod
364 1573 406 1638 ad
427 1573 592 1639 meliorem
613 1578 738 1639 textum
760 1572 959 1639 efficiendum
981 1573 1046 1638 sive
1068 1573 1154 1657 quod
1170 1573 1211 1638 ad
1324 1581 1328 1586 '

168 1682 341 1749 dictionem
368 1689 401 1748 et
430 1704 607 1751 sermonem
636 1686 817 1751 accuratius
846 1682 1062 1750 definiendum
1084 1683 1212 1763 attinet,

168 1791 304 1856 multum
332 1790 418 1856 viros
447 1791 559 1857 doctos
589 1813 657 1858 esse
686 1798 830 1858 versatos
858 1813 923 1857 non
950 1791 1052 1856 solum
1074 1791 1212 1875 probant

168 1901 263 1966 multi
285 1900 395 1980 libelli,
417 1901 473 1985 qui
488 1921 589 1985 usquc
604 1901 647 1966 ad
662 1899 723 1967 hoc
738 1907 864 1987 tempus
878 1902 913 1967 in
927 1902 1090 1987 publicum
1106 1901 1213 1986 prodi·

168 2015 272 2089 erunt,
288 2009 459 2076 sedetiam
474 2013 668 2080 maximeex
684 2014 729 2079 cis
743 2018 889 2098 apparet,
911 2010 1212 2098 quacWoeltllinus',

168 2118 218 2186 vir
246 2118 286 2185 dc
313 2119 429 2212 Tacito⁸
452 2121 573 2205 optima
602 2123 753 2203 moritus,
789 2124 823 2188 in
846 2122 1053 2206 Philolog01)
1088 2141 1212 2186 summo

168 2228 275 2293 studio
292 2231 467 2313 congessit:
490 2230 586 2316 hujus
608 2233 669 2298 viri
684 2233 852 2318 diligentia
867 2233 1076 2317 doctrinaque
1091 2230 1212 2296 factum

168 2342 236 2418 est,
273 2344 311 2403 ut
339 2360 470 2423 prorsus
498 2361 583 2406 nova
610 2341 774 2410 Tacitincs
804 2343 903 2410 libros
937 2341 1100 2407 tractandi
1129 2339 1214 2406 ratio
1276 2397 1278 2402 ,

169 2452 283 2532 aperta
303 2447 498 2534 inductaque
520 2451 572 2516 sit.
617 2451 650 2516 Is
672 2452 758 2517 enim
779 2471 851 2517 cam
872 2451 957 2516 viam
979 2451 1102 2534 primus
1124 2469 1214 2513 mon·

170 2557 300 2637 stravit,
333 2578 399 2641 qua
419 2559 585 2642 distincte,
623 2563 790 2646 quomodo.
803 2582 862 2647 per
884 2559 1026 2644 singulas
1047 2558 1213 2643 scriptoris

169 2672 292 2733 aetates
320 2667 447 2735 dicendi
467 2646 552 2737 ictio
573 2691 631 2756 per
652 2672 757 2756 ipsum
778 2675 905 2736 mutata
926 2667 1039 2749 suerit,
1070 2666 1213 2748 intellegi

169 2784 293 2862 posset,
330 2785 363 2846 ct
390 2782 502 2847 multis
525 2781 679 2866 exemplis
700 2783 768 2866 ipsc
791 2779 1044 2846 luculentissime
1065 2778 1214 2862 probavit

169 2892 273 2953 certas
302 2888 335 2953 in
363 2887 478 2955 Taciti·
500 2889 591 2956 libris
618 2889 692 2954 inde
722 2888 900 2972 aDialogo
922 2907 1023 2972 usque
1045 2887 1087 2952 ad
1109 2892 1213 2952 extre·
1302 2875 1303 2878 ¹

169 3017 256 3061 mum
278 2997 453 3065 Annalium
474 2999 591 3066 librum
614 2999 737 3065 dicendi
760 2999 847 3082 leges
868 2997 1063 3083 deprehendi
1085 3003 1118 3062 ct
1140 3017 1214 3062 con-

169 3106 260 3172 stitui
281 3129 390 3192 posse:
414 3110 457 3175 ad
472 3132 553 3196 quas
568 3112 783 3178 conficiendas
798 3109 853 3196 qui
868 3109 902 3174 in
917 3114 1081 3193 posterum
1096 3107 1214 3173 Taciti·

170 3215 220 3279 nis
241 3216 356 3282 studiis
378 3239 448 3284 sese
470 3219 611 3286 dedituri
631 3225 753 3301 essent,
779 3219 853 3304 jure
875 3218 1067 3284 adhortatus
1089 3222 1154 3300 est,
1176 3223 1213 3283 ut

169 3329 319 3390 accurate
347 3327 490 3412 singulas
519 3350 663 3415 quasque
691 3350 743 3395 res
771 3332 952 3395 tractarent
974 3345 1145 3411 omnesque
1167 3325 1212 3392 lo·

169 3453 238 3515 cos,
261 3434 377 3519 quibus
398 3457 474 3502 usus
495 3437 771 3523 comprobaretur,
802 3437 970 3503 afferrent:
1000 3435 1061 3502 hoc
1082 3436 1212 3503 tandem
1279 3421 1282 3427 ¹

169 3543 265 3609 modo
292 3565 403 3610 rerum
428 3546 616 3633 justumque
645 3548 769 3614 lexicon
792 3547 957 3614 Tacitcum
984 3546 1088 3612 emitti
1110 3567 1211 3630 posse.

170 3653 250 3718 Mihi
267 3654 338 3738 jam
359 3655 415 3721 diu
437 3655 477 3721 de
498 3656 770 3741 praepositionum
791 3655 1013 3741 disquisitione
1028 3655 1212 3740 acquirenti

168 3761 272 3846 primo
300 3783 383 3847 quas
410 3763 444 3829 in
467 3784 660 3848 unaquaque
682 3763 819 3830 maxime
840 3768 1091 3829 commemoratu
1111 3763 1212 3847 digna

168 3869 370 3954 viderentur,
392 3885 550 3956 exponere
572 3873 606 3938 in
627 3874 735 3939 animo
757 3879 842 3956 erat,
871 3873 927 3940 scd
949 3873 1210 3960 honorationem

168 4028 374 4042 m

239 4123 260 4193 1)
296 4123 382 4194 xxv,
401 4126 533 4181 oa-rcu.
551 4122 650 4194 xxvr,
668 4124 800 4179 ca-roo.
824 4121 936 4192 xxvu,
957 4124 1105 4178 rra-149.
