2894 4774
689 338 708 398 'l

181 511 358 597 praedandi
388 511 590 596 cupidinem“
613 509 747 594 legitur,
784 530 909 597 semper
937 513 1095 582 formulae
1123 515 1226 582 instar

121 616 123 620 ⁴
181 622 268 688 dicat
291 618 747 722 ,6666616611666166661666(ι
771 621 855 688 Hist.
878 624 920 689 II.
944 629 995 706 94,
1021 630 1069 691 11.
1092 625 1152 692 III.
1174 631 1225 709 45,

181 734 211 811 2,
233 733 398 798 levitatem
419 733 461 797 11.
487 736 556 811 101,
579 735 609 811 4,
631 731 845 816 pervicaciam
866 734 925 799 III.
950 740 1001 816 77,
1024 739 1074 817 21,
1101 736 1225 802 vanita-

180 846 246 906 tem
269 841 323 907 IV.
347 845 398 922 55,
422 845 451 906 8.
485 840 523 907 V.
548 843 598 920 23,
622 844 659 904 8:
697 839 731 903 in
754 840 933 909 Annalibus
955 848 1083 925 autem,
1118 849 1155 909 ut
1176 850 1226 910 est

181 939 440 1030 brevior'dictiq
472 952 599 1014 tantum
622 947 647 1012 Ι.
673 950 723 1024 59,
748 951 766 1012 3
795 953 828 1014 61
851 949 1093 1022 similiterXII.
1119 956 1169 1034 33,
1197 955 1223 1018 1.

180 1062 272 1128 XIII.
298 1065 350 1141 18,
369 1066 399 1125 7.
427 1097 468 1106 -
513 1057 555 1123 111
586 1055 674 1121 aliud
706 1076 806 1121 unum
840 1061 1022 1146 exemplum
1043 1062 1223 1146 proferam:

180 1175 324 1260 Draeger
343 1174 378 1238 in
400 1171 541 1238 editione
559 1174 586 1250 ¹)
609 1166 734 1233 monuit
756 1166 799 1232 ad
820 1168 876 1235 IV.
893 1172 933 1236 69
948 1193 1035 1256 pone
1055 1173 1116 1238 nisi
1138 1173 1225 1257 apud

179 1290 291 1369 poetas
317 1287 351 1348 61
372 1281 458 1367 apud
480 1280 667 1346 veterrimos
689 1279 945 1365 recentioresque
966 1282 1138 1367 scriptores
1159 1305 1224 1349 non

180 1393 338 1478 usurpari,
360 1392 415 1458 sed
437 1397 471 1458 et
491 1391 579 1476 apud
602 1389 788 1456 Ciceronem
809 1395 844 1455 61
864 1390 990 1456 Livium
1007 1394 1036 1474 ²)
1063 1392 1225 1460 invenitur

180 1508 214 1568 61
234 1501 320 1586 quod
342 1501 384 1566 ad
399 1500 545 1566 Tacitum
568 1500 693 1579 attinet,
715 1503 786 1564 erat
805 1500 1128 1583 commemorandum,
1151 1522 1224 1566 eum

180 1611 242 1677 hac
269 1608 506 1696 praepositione
534 1608 674 1674 nondum
709 1608 743 1673 in
770 1608 946 1674 minoribus
975 1611 1102 1696 scriptis
1130 1632 1223 1678 usum

90 1773 96 1786 .
179 1721 343 1811 16166616
366 1720 583 1787 Historiarum
605 1725 714 1786 autem
736 1717 826 1787 libris
849 1719 891 1785 11.
916 1723 966 1801 83,
990 1726 1019 1786 9.
1042 1721 1170 1803 11160,
1193 1726 1222 1786 4.

180 1837 231 1914 84,
254 1835 305 1896 26.
329 1831 384 1897 1v.
407 1833 458 1909 82,
481 1833 500 1894 3
523 1828 724 1894 6166611.
752 1833 799 1910 16,
823 1832 930 1894 4666
952 1830 1014 1920 nisi
1036 1853 1137 1917 „pone
1160 1837 1224 1898 ter·

179 1943 285 2026 gum“,
306 1960 366 2023 pro
381 1959 444 2023 quo
460 1957 635 2022 numquam
659 1942 751 2021 „post
766 1943 911 2020 tergum“
935 1941 1072 2025 scripsit,
1096 1942 1223 2027 saepius

181 2070 221 2134 ,6
242 2053 363 2133 1666611,
391 2052 489 2131 atque
510 2051 654 2111 extremo
676 2044 745 2112 1666
767 2047 822 2113 IV.
848 2051 898 2130 69,
922 2053 941 2114 3
964 2049 1092 2116 demum
1121 2072 1223 2134 „pone

178 2159 282 2225 fores“
314 2158 428 2223 dicere.
487 2155 681 2246 Aduerbium
713 2161 831 2241 „pone“
867 2158 953 2242 apud
980 2158 1127 2225 Tacitum
1158 2182 1223 2226 non

178 2269 305 2353 legitur.

263 2377 352 2442 Haec
380 2380 417 2441 61
445 2375 477 2440 16
508 2374 672 2460 prooemio
701 2375 868 2442 sufficiant.
914 2377 1092 2446 Nonnullae
1114 2383 1223 2446 tamen

179 2489 261 2554 alias
289 2487 541 2572 praepositiones
574 2485 635 2551 hoc
669 2483 739 2551 leco
772 2483 882 2550 statim
915 2485 1087 2571 adjiciam,
1124 2509 1223 2573 quum

180 2596 323 2680 Draeger
343 2595 376 2660 in
398 2594 498 2675 libro,
525 2593 617 2678 cujus
640 2613 738 2676 supra
760 2592 955 2659 mentionem
977 2595 1056 2677 1661,
1087 2601 1121 2662 61
1143 2597 1224 2663 (1666

179 2823 325 2894 paullatim
342 2821 431 2892 magis
448 2820 592 2892 magisque
603 2821 663 2875 fere
675 2808 763 2875 solam
774 2818 987 2890 praepositionis
1005 2822 1152 2892 ‚,praeter“
1167 2823 1224 2880 rim

179 2916 322 2988 tribuisse,
352 2916 471 2986 reliquos
489 2914 702 2986 praepositionis
721 2915 839 2986 „super“
859 2914 1027 2986 (6666661166
1044 2917 1167 2988 junctae)
1185 2920 1225 2974 lo·

179 3031 225 3068 666
249 3011 405 3068 adscribam
430 3029 464 3078 ex
486 3010 622 3066 librorum
644 3009 752 3066 ordine:
783 3009 812 3063 in
835 3008 990 3064 minoribus
1015 3011 1088 3066 enim
1113 3012 1224 3082 scriptis

179 3107 294 3162 Inferior
312 3110 355 3161 661
372 3107 441 3161 haec
459 3105 634 3176 significatio,
652 3104 682 3158 16
698 3101 883 3158 Historiarum
899 3104 972 3159 libro
990 3105 1080 3175 primo
1094 3106 1153 3176 jam
1166 3106 1225 3162 sola

178 3202 266 3272 valet,
293 3203 322 3255 in
341 3201 441 3256 ceteris
460 3206 552 3257 autem
570 3207 599 3257 61
619 3201 803 3257 Historiarum
823 3203 851 3254 et
868 3201 1018 3256 Annalium
1037 3201 1117 3257 libris
1135 3203 1224 3258 multo

179 3295 334 3366 praevalet:
367 3296 493 3366 exempla
511 3299 604 3349 tamen
623 3297 683 3364 ipsa
700 3293 808 3363 videas,
841 3310 912 3363 quae
933 3293 986 3350 hoc
1009 3295 1071 3350 loco
1097 3297 1225 3351 attulisse

179 3390 300 3446 sufficiat
312 3408 477 3460 quamquam
489 3393 622 3446 66666116
634 3391 755 3446 maxime
763 3387 885 3461 insignia
895 3393 968 3459 6661,
982 3390 1017 3444 ule
1028 3391 1127 3460 quibus
1137 3391 1224 3446 fusius

178 3486 347 3556 disputetur:
366 3487 396 3540 in
407 3486 478 3541 Dial.
491 3487 602 3542 omnino
621 3485 738 3557 „super“
757 3501 813 3538 non
829 3483 984 3551 invenitur;
1002 3483 1032 3537 in
1043 3484 1111 3554 Agr.
1124 3488 1167 3555 29,
1183 3488 1223 3540 12.

177 3581 207 3636 16
227 3581 317 3636 Germ·
339 3584 379 3650 10,
400 3585 425 3636 8.
451 3583 656 3651 25106111.
683 3585 725 3650 28,
744 3583 789 3635 21.
816 3582 858 3645 31,
878 3579 904 3632 5.
928 3581 970 3648 33,
989 3581 1020 3647 6;
1052 3579 1082 3634 16
1099 3580 1224 3634 Η161.11.

178 3678 221 3744 22,
240 3678 265 3728 7.
283 3675 326 3744 45,
347 3678 389 3730 17.
413 3675 464 3729 ΠΙ.
484 3679 525 3744 19,
543 3679 568 3730 2.
586 3678 629 3744 27,
651 3677 692 3729 10.
711 3675 755 3743 28,
773 3675 798 3727 0.
817 3674 860 3741 48,
881 3675 923 3726 11.
942 3675 985 3742 77,
1004 3675 1030 3728 4.
1047 3675 1090 3742 84,
1112 3677 1154 3729 13.
1177 3673 1224 3729 IV.

179 3771 223 3837 53,
243 3773 283 3824 12.
306 3771 349 3839 69,
367 3774 391 3825 8.
424 3770 458 3825 V.
478 3773 502 3839 1,
520 3772 546 3824 4.
573 3774 614 3838 17,
632 3773 663 3839 2;
694 3767 724 3824 16
743 3768 815 3822 Ann.
831 3768 854 3822 1.
873 3769 915 3837 56,
933 3770 959 3822 4.
989 3767 1024 3821 Π.
1043 3768 1069 3836 6,
1087 3771 1113 3823 8.
1135 3771 1178 3838 83,
1198 3772 1223 3823 3.

178 3865 228 3920 ΙΠ.
247 3868 288 3934 12,
307 3867 351 3920 27.
380 3867 420 3934 14,
440 3869 465 3921 6.
494 3869 536 3933 74,
555 3869 600 3922 22.
628 3865 675 3924 IV.
693 3869 737 3935 40,
756 3867 799 3920 26.
828 3865 872 3933 59,
890 3867 916 3918 8.
947 3863 1019 3920 XIV.
1037 3867 1063 3933 4,
1083 3865 1124 3918 15.
1153 3864 1178 3933 5,
1198 3863 1223 3917 5.

178 3961 337 4030 34,11.-

251 4054 273 4117 ¹)
309 4053 454 4122 „Annalen
472 4053 520 4109 des
538 4055 669 4112 Tacitus“
687 4057 710 4112 1.
727 4054 819 4125 Leipz-
835 4058 912 4112 1868.

248 4147 272 4217 ²)
308 4147 455 4218 nanum,
474 4151 536 4204 479.

1427 3921 1429 3977 l

1426 4033 1428 4083 l
