2894 4774
748 355 790 416 38

192 609 194 614 ι
251 537 288 598 12
312 554 435 618 „nequo
456 553 531 600 rero
553 551 656 616 neque
679 531 765 614 apud
786 549 906 616 paucos
927 531 1009 596 talia
1027 532 1201 616 jaciebat.“
1233 534 1288 598 XI.

248 647 298 722 23,
315 647 342 707 5.
372 643 462 708 XIII.
480 645 565 722 lau
598 639 782 722 „laudare.“
827 638 1037 720 11116111
1063 642 1177 725 „plura
1199 641 1291 726 fingit

247 755 431 838 fateturque
459 753 547 838 apud
577 753 712 830 amima,
748 770 828 833 quos
854 750 1045 818 adhibuerat
1066 753 1233 836 princeps“
1257 753 1291 817 in

249 863 447 947 Gegenwart.
472 899 508 912 —·
549 863 693 947 Denique
715 862 757 927 ad
779 861 864 927 huno
886 881 979 926 usum
1001 861 1175 948 referemus
1196 862 1291 941 locos,

248 973 364 1056 quibua
394 973 516 1056 majore
544 974 575 1038 vi
603 993 662 1058 pro
691 973 829 1058 simplici
857 972 963 1058 „apud
985 972 1144 1056 aliquem“
1169 971 1292 1056 aliquid

249 1082 371 1148 dictum
393 1102 463 1148 esse
486 1083 604 1148 dicitur
626 1083 732 1167 „apud
755 1083 892 1166 alicujus
913 1086 1037 1161 aures“‚
1061 1082 1147 1165 quod
1162 1086 1292 1167 praeter

248 1192 336 1258 looos
366 1192 407 1257 ab
436 1191 565 1257 Haudio
588 1193 613 1257 Ι.
631 1197 694 1258 408
719 1191 789 1276 jam
811 1191 944 1257 allatos:
977 1191 1050 1274 Agr.
1065 1196 1116 1269 44,
1136 1194 1185 1256 16.
1208 1190 1248 1256 Η.
1265 1191 1292 1256 Ι.

249 1304 300 1378 26,
326 1303 373 1364 12.
400 1303 480 1366 Ann.
497 1301 539 1366 ΙΙ.
554 1306 604 1382 39,
625 1305 663 1366 13
684 1301 847 1367 invenitur
867 1302 903 1366 A.
920 1301 944 1366 Ι.
964 1303 1014 1379 31,
1034 1304 1071 1364 19
1095 1301 1186 1381 „Non
1210 1323 1294 1368 unus

249 1409 329 1474 haee
351 1409 447 1489 (dixit
468 1417 524 1491 so.)
551 1431 609 1476 nec
632 1411 718 1494 apud
740 1409 883 1495 trepidas
904 1409 1044 1476 militum
1066 1415 1192 1475 auree.“
1236 1410 1294 1476 IV.

160 1528 162 1531 ’
251 1524 303 1600 29,
330 1525 366 1584 13
398 1519 587 1601 „addiderat
614 1520 774 1608 quaedam
803 1519 1023 1584 contumacius
1053 1539 1152 1602 quam
1186 1524 1295 1584 tutum

249 1628 336 1713 apud
364 1649 457 1694 aures
485 1629 639 1713 superbus
672 1633 705 1693 et
735 1627 901 1693 offensioni
930 1627 1114 1712 proniores“
1144 1629 1165 1692 i.
1189 1649 1215 1693 e.
1246 1629 1297 1694 als

249 1738 354 1804 sicher
375 1737 418 1804 iat
439 1738 490 1804 bei
512 1739 617 1804 ciuem
639 1737 757 1844 Manne
780 1757 808 1801 v.
832 1735 979 1817 stolzem,
1016 1735 1116 1822 leieht
1136 1759 1176 1805 uu
1197 1737 1296 1804 belei-

249 1847 407 1932 digenden
429 1847 553 1914 Gesdhl.

684 2011 890 2020 ..η--ι--η--μ-

336 2153 425 2222 Haeo
446 2156 531 2230 sunt,
552 2171 634 2235 quae
656 2149 697 2216 de
718 2150 966 2236 praepositione,
988 2171 1071 2234 quae
1093 2155 1142 2216 est
1165 2151 1293 2236 „apud“

251 2263 398 2331 videntur
413 2260 548 2326 dicenda
562 2279 646 2324 esse:
670 2279 752 2343 quae
768 2261 795 2324 si
810 2259 977 2343 conspicis,
997 2258 1174 2342 intelleges
1197 2280 1296 2343 quam

251 2372 339 2446 fuse,
377 2390 475 2453 quam
496 2369 561 2434 late
584 2368 715 2434 Tacitus
737 2389 775 2432 ea
797 2390 873 2434 usus
889 2368 951 2434 sit:
989 2367 1075 2433 idem
1097 2370 1183 2435 valet
1205 2372 1296 2451 (ean-

251 2480 387 2563 demque
417 2478 457 2543 ob
486 2497 617 2544 oausam
645 2478 814 2562 selegimus
835 2479 1054 2556 tractandam)
1077 2479 1110 2546 in
1131 2479 1297 2565 praeposi-

252 2588 338 2655 tione
362 2586 573 2674 „adversus“‚
611 2607 694 2670 quae
723 2586 857 2652 anullo
886 2593 1067 2654 ceterorum
1094 2589 1297 2672 scriptorum,

251 2696 313 2760 nisi
335 2695 459 2780 egregie
482 2695 596 2773 fallor,
633 2695 745 2760 eodem
774 2697 868 2772 modo
897 2702 947 2762 est
974 2697 1128 2762 adamata
1154 2703 1252 2781 atque
1269 2718 1295 2772 ,1

251 2805 371 2885 Tacito,
393 2806 425 2870 id
447 2806 531 2889 quod
556 2804 706 2872 similium
727 2809 1001 2893 praepositionum
1023 2807 1109 2872 locos
1131 2808 1296 2874 eonferen-

251 2915 293 2981 do
314 2915 411 2981 etiam
434 2915 554 2984 clarius
576 2914 723 2982 elucebit.
