2894 4774
752 378 793 440 52

250 561 391 626 mollitus
411 564 505 644 rogat
525 563 673 642 oratque,
701 562 898 642 temperaret
919 555 1022 623 dolori
1044 576 1123 622 neve
1141 561 1169 637 ¹)
1190 561 1294 622 aeter·

249 677 326 736 num
340 668 546 753 susciperet.“
584 666 767 750 Sicutique
777 664 913 731 Medicei
929 665 1047 731 codicis
1061 663 1229 730 lectionem
1245 685 1292 730 se·

249 784 342 844 cutus
355 760 525 858 legendum
542 795 666 839 censeo.
690 774 847 839 Nonnulli
853 779 962 839 autern
978 774 1121 839 homines
1132 773 1219 838 docti
1234 795 1292 858 pre

251 885 510 968 „fortitudinem“
527 884 724 968 scripserunt
739 883 992 965 „formidinem“‚
1015 882 1099 967 quod
1120 882 1293 948 doteriores

249 993 373 1060 cedices
394 991 569 1079 praebent,
592 1011 629 1056 eo
651 1011 748 1057 sensu
770 996 806 1056 nt
827 991 856 1057 J.
881 992 932 1056 Fr.
956 991 1114 1058 Gronovio
1137 991 1218 1056 duce
1239 1011 1292 1056 ex-

248 1102 368 1188 plicent
390 1102 467 1184 „der
489 1098 785 1184 augenbliokliehen
800 1099 921 1166 Furcht
942 1100 1132 1182 gegeniiber‚
1153 1097 1291 1165 niimlich

248 1233 355 1296 uegeu
382 1211 438 1276 des
460 1209 641 1276 Schiclrsals
662 1209 767 1273 seiner
790 1207 895 1273 Frau“
930 1209 983 1288 (ci.
1006 1209 1100 1293 Nipp.
1124 1207 1219 1273 adh.
1243 1207 1291 1288 1.).

250 1319 341 1398 Quod
365 1339 443 1384 sane
465 1319 583 1383 mirum
603 1320 638 1384 iu
662 1319 791 1386 modum
813 1318 935 1384 dictum
958 1324 1057 1398 esset,
1079 1338 1144 1383 uon
1165 1318 1207 1383 ad
1229 1317 1292 1384 for·

248 1450 334 1494 mam
359 1428 412 1512 (cf.
430 1428 473 1494 ad
494 1428 565 1511 dri),
589 1430 645 1495 sed
667 1431 711 1496 ad
732 1451 860 1496 sensum
881 1435 1028 1514 respectu
1050 1428 1171 1508 habito,
1193 1447 1293 1512 quum

249 1537 402 1616 Senecae,
438 1538 494 1621 qui
515 1537 609 1603 modo
630 1540 750 1605 amicos
772 1539 814 1604 ad
836 1538 1066 1604 firmitudinem
1087 1541 1293 1603 revocaverat

251 1666 446 1731 suorumque
461 1647 638 1731 sapientiae
652 1656 897 1734 praeceptorum
912 1645 1217 1728 commonefaceret„
1229 1646 1293 1710 for-

251 1754 337 1820 mido
365 1755 489 1837 (videas
519 1762 687 1840 praeterea
716 1756 812 1842 hujus
840 1757 938 1824 verbi'
957 1757 1161 1840 gravitatem)
1183 1755 1293 1822 tribui

247 1883 312 1928 non
341 1865 451 1949 possit.
512 1863 634 1930 Contra
660 1865 716 1948 qui
744 1851 883 1949 probant
910 1865 1081 1931 lectionem
1112 1865 1293 1947 „fortitudi-

248 1978 341 2037 nem“
365 1973 452 2038 varie
474 1972 654 2058 explicant3
692 1994 756 2038 non
784 1980 872 2038 recta
894 1961 1003 2040 tamen
1024 1974 1105 2039 hacc
1126 1975 1224 2040 verba
1243 1973 1292 2038 in·

247 2083 416 2166 terpretati
438 2088 528 2161 sunt,
563 2083 618 2166 qui
640 2083 692 2166 (ci.
709 2083 806 2150 Hand
822 2085 845 2148 Ι.
867 2089 942 2166 187)
964 2083 1173 2151 fortissimam
1195 2083 1291 2148 fuisse

246 2211 379 2256 uxorem
401 2196 527 2275 putant.
573 2192 675 2258 Immo
697 2215 773 2261 vero
787 2195 829 2261 ad
846 2194 942 2260 verba
958 2193 1199 2276 „complectitur
1215 2211 1291 2257 uxo-

246 2303 334 2362 rem“
358 2300 508 2385 suppleas
529 2307 686 2366 maestam
708 2304 759 2368 vel
786 2303 936 2368 lacrimas
962 2301 1168 2380 fundentem,
1205 2300 1291 2385 qnod

247 2408 287 2473 de
316 2409 427 2473 amicis
456 2429 584 2492 quoque
613 2409 711 2493 paulo
740 2418 815 2475 ante
842 2410 963 2476 dictum
985 2415 1089 2482 estet
1107 2409 1143 2474 in
1163 2407 1223 2474 tali
1242 2428 1293 2473 re·

248 2537 321 2581 rum
343 2517 528 2583 condicione
550 2518 644 2582 uxori
667 2519 806 2583 maxime
829 2523 1078 2584 consentaneum
1100 2522 1180 2582 erat.
1210 2515 1294 2596 Quid

247 2631 415 2710 praeterea
450 2625 566 2692 fortius
602 2626 666 2690 dici
700 2629 808 2711 potuit
843 2650 941 2712 quam
977 2635 1088 2712 „rogat
1116 2629 1294 2712 oratque“?

186 2747 188 2752 ’
248 2733 325 2819 quid
348 2736 564 2819 antepositum
588 2755 711 2800 summa
739 2737 896 2816 gravitate
926 2739 1182 2822 „temperaret“l
1215 2737 1294 2822 quid

247 2843 378 2908 tandem
400 2845 434 2908 in
456 2845 638 2910 universum
661 2846 721 2912 sibi
743 2848 861 2927 velint,
898 2849 960 2914 nisi
982 2849 1137 2914 Senecam
1158 2849 1294 2914 stultum

249 2958 417 3036 menteque
447 2957 577 3037 captum
601 2953 698 3022 luisse
727 2962 893 3041 putamus,
928 2958 1039 3024 verba:
1080 2963 1294 3043 „temperaret

248 3061 370 3128 dclori“
398 3066 430 3126 et
459 3082 542 3146 qnae
573 3071 768 3148 sequuntur,
805 3067 831 3132 ei
859 3067 975 3132 mulier
995 3067 1202 3134 fortissimam
1224 3089 1292 3136 sese

248 3170 458 3255 praestabat?
501 3171 645 3257 Denique
668 3174 778 3240 videas
798 3175 1051 3256 enuntiatorum,
1078 3197 1160 3261 quae
1182 3177 1293 3244 statim

248 3286 425 3366 sequuntur
447 3280 540 3363 („illa
560 3287 689 3348 conam
714 3289 747 3350 et
770 3293 855 3366 „tum
872 3284 1026 3366 Seneca“)
1051 3286 1291 3371 oppositionem.

249 3391 338 3470 Quae
360 3389 469 3454 omnia
491 3391 518 3454 si
539 3395 686 3476 reputas,
713 3397 805 3477 patet
826 3393 1046 3461 fortitudinem
1067 3416 1133 3461 non
1154 3396 1292 3463 referen-

248 3500 324 3564 dam
346 3519 415 3564 esse
436 3499 479 3564 ad
502 3520 642 3583 uxorem,
664 3503 742 3587 quia
763 3525 959 3590 quamquam
980 3510 1092 3589 postea
1107 3505 1292 3587 fortissima,

247 3609 351 3696 primo
373 3613 482 3675 tamen
504 3631 569 3676 non
590 3597 782 3694 fortis'erat,
805 3613 861 3679 sed
876 3612 919 3678 ad
933 3590 1087 3680 &anacam
1100 3609 1206 3698 ipsum
1220 3636 1293 3701 per-

248 3721 361 3786 tinere.
405 3723 511 3805 Atque
532 3720 629 3787 verba
651 3721 843 3806 explicanda
865 3727 955 3789 sunt:
978 3721 1099 3788 Seneca
1121 3728 1292 3807 conspecta

248 3850 348 3895 uxore
371 3835 404 3894 et
431 3837 556 3902 maesta
584 3832 711 3915 quidem
741 3834 889 3918 (ideoque
919 3853 990 3899 eam
1018 3834 1218 3917 complexus,
1255 3838 1293 3900 ut

249 3939 403 4005 solacium
432 3940 462 4004 ei
489 3941 669 4025 praeberet)
705 3941 857 4010 adversus
888 3943 923 4025 (i.
947 3963 973 4008 c.
997 3941 1042 4006 im
1063 3940 1292 4025 Widerspruch

320 4183 363 4255 ¹l·
381 4183 427 4240 Sic
447 4184 508 4254 ,tine
530 4185 615 4241 dubio
643 4205 706 4244 cum
728 4187 841 4243 Heinsio
865 4189 894 4241 et
909 4187 1000 4258 Spitta
1018 4187 1071 4258 „de
1088 4185 1152 4244 Tac.
1170 4185 1200 4241 in
1218 4203 1291 4242 com·

248 4295 312 4350 pon.
331 4277 480 4334 enuntiatis
498 4273 623 4337 rationa“
642 4299 669 4352 p.
684 4285 734 4339 138
752 4279 929 4338 scribendum
947 4283 996 4338 est.
