2894 4774
726 351 768 413 ta

226 536 375 612 nuerunt,
397 551 572 615 synonyma
593 533 776 598 consociare
798 533 887 613 solet,
909 535 965 600 sed
985 535 1081 601 ctiam
1098 536 1184 622 quod
1199 557 1267 602 ver·

225 643 268 707 ba
291 643 343 723 ,iu
365 641 462 706 urbe“
486 661 557 705 cum
581 639 801 708 difficultatem
822 643 924 725 ipsam
946 643 1019 708 huic
1034 643 1103 708 loco
1118 641 1267 724 afferunt,

225 757 294 817 tum
317 767 448 835 prorsus
469 755 545 814 sunt
565 749 727 832 superflua
748 772 849 835 eaque
872 753 989 816 omissa
1008 771 1101 846 nemo
1116 743 1266 836 requiret,

226 861 311 944 quod
326 881 390 948 nou
404 865 472 923 tam
485 865 590 924 totum
604 862 808 927 enunciatum
820 861 935 944 probat
945 881 1040 945 quam
1055 862 1152 928 verba
1164 863 1267 944 ,tuni-

226 977 316 1035 catus
331 970 381 1034 iu’c
395 970 550 1053 populus“
567 976 600 1036 et
615 993 698 1056 quae
713 973 861 1058 opposita
875 977 952 1036 sunt
967 969 1129 1050 ,advenae
1141 992 1266 1056 quoque

226 1083 307 1142 etc.“
353 1075 484 1142 Accedit
499 1079 584 1161 quod
599 1080 667 1145 cod.
681 1080 811 1145 Fames.
827 1079 905 1144 haec
919 1077 1015 1144 verba
1030 1079 1147 1144 omisit.
1192 1081 1267 1158 Qui·

225 1187 285 1253 bus
312 1186 418 1251 causis
447 1192 623 1251 commotus
645 1187 846 1253 scribendum
869 1206 981 1252 censeo
1006 1187 1163 1271 ,Quinam
1184 1188 1268 1253 inlu-

225 1303 308 1362 stres
330 1301 364 1360 et
385 1294 486 1358 incliti
508 1313 573 1358 uon
596 1294 699 1360 solum
720 1295 807 1380 apud
832 1337 869 1346 -
893 1334 921 1344 -·
939 1303 966 1378 “,
1002 1317 1101 1381 quum
1123 1299 1266 1364 litteram

227 1415 288 1491 ,u“
319 1407 401 1472 mals
430 1406 583 1490 scriptam
611 1406 709 1472 fuisse
737 1410 858 1491 putem.
902 1405 1042 1472 Verbum
1069 1413 1176 1472 autom
1199 1409 1267 1490 ,iu-

225 1519 338 1583 clitus“
363 1537 418 1582 seu
442 1514 621 1597 ,inclutus“
650 1513 802 1597 (editores
830 1513 922 1578 valde
951 1515 1150 1600 discrepant)
1180 1516 1266 1601 apud

225 1627 371 1692 Tacitum
392 1625 470 1691 satis
499 1625 665 1708 frequens:
704 1625 741 1690 G.
759 1628 798 1689 41
824 1623 928 1704 (Kritz
952 1627 1019 1706 „i“,
1057 1625 1153 1692 Halm
1178 1630 1265 1709 ,u“).

225 1734 265 1799 Η.
282 1735 324 1800 ΙΙ.
342 1737 371 1798 2.
394 1732 434 1797 cf.
450 1732 532 1815 Rup.
550 1731 626 1814 (ΙΙΙ.
642 1737 707 1811 44).
730 1732 786 1800 IV.
803 1736 853 1797 61.
870 1737 920 1800 83.
934 1739 989 1804 84.
1021 1735 1057 1801 V.
1075 1739 1104 1802 2.
1119 1738 1150 1800 7.
1181 1732 1265 1801 Anu.

224 1844 266 1909 ΙΙ.
283 1848 334 1908 53.
358 1842 414 1909 VI.
430 1845 479 1906 37.
495 1844 555 1905 cet.

310 1950 414 2034 Agric.
434 1955 472 2014 16
494 1951 528 2015 iu
550 1948 619 2015 cod.
636 1951 668 2011 Γ
680 1953 713 2013 st
727 1950 761 2013 Δ
783 1948 916 2033 legitur:
948 1957 1001 2032 ,et
1029 1958 1066 2020 ut
1088 1973 1165 2020 suae
1186 1954 1265 2020 eiac-

224 2083 283 2147 quc
303 2060 442 2144 injuriae
463 2060 580 2126 ultor.“
625 2061 826 2145 Quamquam
840 2061 982 2126 Kritzius
1003 2061 1037 2126 iu
1052 2069 1131 2128 uota
1145 2064 1186 2129 ad
1201 2065 1233 2129 h.
1244 2065 1266 2129 1.

225 2172 415 2254 ,cuiusque“
439 2176 560 2234 certam
583 2171 688 2238 Wexii
708 2173 965 2240 emendationem
995 2191 1063 2238 esse
1092 2173 1267 2255 contendit,

223 2287 332 2344 tamen
354 2299 393 2344 sa
414 2279 486 2364 ipsa
508 2278 548 2344 de
570 2299 683 2360 cause,
706 2281 790 2363 quod
812 2282 893 2346 haec
915 2280 1116 2363 conjectura,
1145 2288 1183 2347 ut
1203 2282 1266 2366 ipsi
1364 2325 1367 2333 .

223 2389 367 2454 fatentur
388 2393 420 2453 et
442 2388 575 2468 docent,
605 2390 748 2470 ,variam
768 2411 902 2474 eamque
924 2389 1099 2454 incertem“
1123 2390 1267 2455 admittit

224 2499 482 2583 explicationem,
504 2519 706 2582 permoveor,
735 2504 858 2564 utnon
880 2497 960 2564 adeo
982 2502 1103 2563 certam
1125 2497 1266 2562 firmam·

223 2631 286 2695 que
314 2631 382 2676 esse
409 2617 530 2694 putem.
574 2610 783 2676 Scribendum
813 2609 906 2675 nobis
933 2609 1059 2673 videtur
1083 2608 1266 2692 ,quisque“,

224 2719 308 2803 quod
331 2719 489 2804 quomodo
510 2719 546 2784 in
568 2719 739 2802 „eiusque“
763 2718 878 2784 abierit
901 2723 987 2782 certe
1002 2717 1082 2781 adeo
1098 2715 1202 2796 facile,
1227 2733 1266 2780 ne

223 2828 327 2892 dicam
343 2827 468 2912 facilius
483 2827 681 2911 intellegitur
696 2847 734 2893 ac
749 2829 954 2910 „cuiusque.“
997 2824 1090 2905 Quod
1112 2824 1139 2888 si
1160 2825 1267 2890 minus

223 2935 397 3016 concedas,
434 2934 543 3000 videas
569 2951 666 3018 quam
695 2941 785 3000 certa
813 2934 981 3002 verborum
1014 2936 1177 2998 structure
1206 2933 1267 2997 hac

223 3043 446 3110 emendatione
468 3040 633 3120 efficiatur,
655 3058 754 3125 quum
775 3042 916 3121 verbum,
947 3040 1033 3124 quod
1055 3046 1105 3106 est
1126 3045 1202 3120 „ut“
1224 3040 1266 3106 ad

223 3153 398 3237 „quisqua“
421 3157 548 3217 tantum
572 3149 685 3216 referri
707 3151 824 3234 possit:
849 3171 931 3235 quae
952 3149 1068 3228 verba,
1091 3169 1174 3232 quae
1197 3170 1266 3233 gar·
1369 3159 1373 3167 '

222 3263 347 3327 manica
369 3261 485 3327 reddas
507 3261 594 3341 „und
616 3261 675 3327 wie
696 3263 748 3326 ein
768 3261 877 3340 Jeder,
898 3260 955 3325 der
977 3260 1103 3342 sigenes
1124 3256 1267 3323 Unrecht

223 3392 262 3436 zu
284 3369 403 3435 richen
425 3369 513 3449 hat“,
546 3369 680 3434 nonita
701 3375 809 3434 tamen
832 3367 1078 3452 interpretanda
1099 3371 1194 3445 sunt,
1229 3370 1289 3438 ut

223 3485 337 3568 contra
364 3477 532 3566 Puteolani
563 3477 781 3560 conjecturam
813 3497 834 3541 a
862 3475 974 3541 Wexio
1005 3474 1136 3559 (proleg.
1157 3494 1189 3556 p.
1211 3476 1266 3555 36)

222 3589 343 3654 iactum
366 3591 424 3666 est,
446 3586 501 3651 ssd
524 3585 552 3649 si
573 3584 614 3649 ad
637 3585 806 3650 Paulinum
829 3583 993 3663 retuleris,
1016 3583 1136 3666 cogites
1158 3581 1197 3646 de
1218 3580 1267 3644 in·

219 3699 317 3783 juria,
339 3717 422 3782 quae
444 3697 483 3776 ei,
505 3700 542 3761 ut
563 3715 600 3760 eo
622 3701 766 3782 tempore
787 3696 904 3779 legato,
927 3695 987 3759 hac
1002 3695 1073 3778 ipsa
1088 3692 1266 3758 defectione

223 3809 316 3875 illata
337 3813 394 3874 est.

308 3921 390 3984 Anu.
408 3913 499 3982 XIII.
522 3921 564 3982 44
591 3918 625 3982 in
652 3916 720 3982 cod.
753 3917 836 3981 inest
871 3917 924 3994 „et
953 3911 1092 3996 quastim
1121 3913 1267 3975 census.“

221 4029 289 4097 Iac.
306 4027 485 4094 Gronovius
507 4031 559 4108 „et
581 4026 674 4110 quasi
695 4025 862 4092 incensus“
884 4022 947 4106 legi
968 4021 1079 4101 voluit,
1100 4019 1131 4085 J.
1143 4011 1267 4084 Belsino-

222 4160 278 4204 rus
313 4160 373 4221 „ex
394 4115 473 4222 ‘qua
501 4139 682 4203 incensus.“
718 4127 949 4201 'scribendum
979 4131 1187 4219 propommus
1214 4132 1267 4212 „et

223 4250 316 4335 quasi
337 4251 455 4336 raptim
475 4250 654 4316 incensus.“
