2894 4774
736 355 779 418 24

236 539 338 604 nitate
347 538 436 604 urbis
445 541 642 628 exstructum
653 539 751 606 foisse
761 535 1051 623 amphitheatrum:
1075 534 1230 600 Boettieb.
1241 534 1277 600 L.

235 647 270 712 Τ.
287 651 387 732 pllio.
410 649 466 714 Xl.
485 652 535 728 23,
553 654 591 714 16
614 649 702 734 apud
716 649 859 715 Alesiam
881 647 921 712 cf.
938 647 1030 712 Caes.
1047 646 1082 709 B.
1099 645 1134 709 G.
1152 649 1192 709 68
1208 665 1277 728 sqq.

236 757 308 823 ΧΠ.
334 761 382 836 12,
406 761 425 822 8
456 758 651 843 ,positisque
680 761 793 825 castris
815 756 901 842 apud
926 759 1094 841 Zeugma.“
1134 754 1224 821 XIV.
1249 758 1279 834 3,

240 871 276 931 la
297 899 328 924 =
350 869 400 943 62,
424 871 442 930 6
468 867 648 950 ,Anicetus
670 871 765 937 classi
787 869 873 956 apud
889 869 1046 934 Misenum
1067 863 1277 949 praefectus.“

235 973 305 1038 XV.
323 976 372 1055 26,
389 979 407 1038 9
433 977 576 1057 ,auxilia
596 999 707 1063 regum
728 981 762 1046 in
783 1001 883 1045 unum
905 976 1062 1043 conducta
1078 974 1176 1058 apud.
1190 973 1280 1040 Meli·

129 1167 132 1172 Δ
235 1087 363 1148 tencn.“
409 1084 536 1149 Zernial
559 1087 627 1152 sine
649 1087 717 1154 ulla
739 1108 837 1153 causa
857 1107 916 1171 pro
932 1084 1073 1151 ablativo
1088 1083 1150 1146 loci
1173 1081 1279 1166 ,apud

131 1184 134 1191 ’
237 1191 298 1256 M.“
323 1191 444 1258 dictum
466 1194 592 1277 accipit.
638 1193 1006 1276 51,14,Neromulto
1029 1190 1117 1275 apud
1131 1188 1279 1255 Puteolos

235 1306 268 1367 51
288 1300 447 1366 Misenum
468 1302 567 1394 maris
589 1322 650 1369 usu
671 1303 883 1370 laetabatur.“

320 1412 355 1490 β)
400 1409 511 1474 Altera
533 1409 726 1492 significatio
749 1419 802 1491 (=
819 1411 868 1491 in)
897 1410 1036 1506 primum
1062 1408 1225 1474 invonitur
1245 1409 1279 1474 in

235 1516 275 1580 H.
292 1516 346 1581 IV.
364 1520 414 1596 35,
434 1520 471 1580 16
496 1515 694 1600 „legionibus
720 1518 808 1603 apud
829 1519 949 1586 Vetera
970 1517 1135 1582 obsessis.“
1171 1521 1222 1598 58,
1240 1521 1280 1584 14

237 1622 409 1704 ,Tolerant
434 1645 507 1688 cum
536 1625 675 1690 maxime
701 1625 844 1711 inopiam
866 1626 1087 1709 obsidiumque
1109 1626 1196 1710 apud
1219 1625 1279 1693 Ve-

234 1735 306 1796 tera
333 1730 492 1815 legiones“
525 1731 577 1797 die
605 1731 678 1797 dort
706 1733 1000 1817 eingescblossenen
1022 1733 1192 1816 Legioncn.
1237 1733 1277 1799 H.

234 1840 290 1905 IV.
308 1845 358 1920 77,
378 1844 415 1904 13
449 1845 636 1925 ,captarum
666 1841 752 1924 apud
779 1842 970 1908 Novaesium
994 1843 1204 1926 Bonnamque
1233 1838 1302 1908 15-Ι

234 1949 401 2033 gionum“:
425 1949 468 2014 ad
490 1949 576 2015 hunc
597 1949 703 2015 locum
726 1970 819 2015 ucmo
841 1949 1000 2016 editorum
1022 1950 1198 2034 quidquam
1213 1971 1280 2017 mo·

234 2057 322 2136 nuit;
345 2055 543 2122 Woelfflinus
566 2056 600 2132 (l.
617 2061 662 2137 a.)
685 2061 794 2122 autem
809 2059 907 2123 verbo
924 2059 1173 2142 ,Bonnamque“
1189 2081 1279 2143 pror-

233 2186 287 2230 sus
309 2167 425 2232 omisso
458 2167 564 2250 ,apud
587 2167 779 2233 Novaesium
798 2201 833 2226 =
852 2168 1021 2247 Novaesii,
1059 2167 1101 2232 da
1130 2169 1199 2233 sich
1228 2167 1279 2234 die

233 2276 352 2342 Riimer
376 2276 498 2355 15514,
521 2280 561 2340 57
590 2274 675 2342 nach
696 2275 890 2341 Novaesium
919 2276 1179 2360 auriickgezogen
1208 2276 1280 2342 hat

232 2391 289 2450 155
313 2386 379 2451 und
401 2386 475 2452 dort
496 2385 567 2451 1551
588 2392 617 2468 4,
633 2391 674 2452 59
694 2388 823 2458 obsessi,
835 2392 973 2453 waron.“
1017 2386 1155 2452 Etiamsi
1176 2385 1280 2452 virum

234 2495 326 2560 illum
341 2495 470 2562 doctum
485 2496 566 2563 adeo
582 2517 705 2562 errasse
720 2517 785 2560 non
806 2500 954 2580 pstqut
975 2495 1063 2562 dicat
1087 2493 1280 2574 ,obsessos“,

232 2605 289 2689 qui
311 2605 433 2685 ivus,
453 2611 490 2669 17
519 2609 609 2686 (5551
636 2607 723 2671 enim
752 2605 873 2670 obsessi
898 2605 931 2669 in
954 2602 1123 2670 Veteribus
1150 2601 1279 2680 castris)

234 2721 536 2795 commemorantur,
558 2720 668 2780 tamen
690 2735 755 2780 non
778 2713 880 2794 video,
902 2733 968 2797 qua
990 2733 1024 2776 re
1046 2711 1196 2776 inductus
1218 2711 1281 2778 Vc-

235 2824 340 2889 culam
353 2861 394 2874 -
407 2825 435 2888 is
448 2830 518 2889 erat
533 2825 749 2891 Romanorum
763 2823 889 2908 legatus
905 2861 946 2872 -
960 2821 1115 2885 obsessum
1130 2818 1281 2885 Novaesii

233 2931 331 2996 luisse
354 2929 531 2997 arbitiatus
553 2933 604 2997 sit.
649 2933 803 2999 Obsessus
824 2951 903 2997 5555
924 2951 989 2996 555
1011 2934 1082 2994 erat
1103 2927 1280 2994 aclassico

234 3044 267 3104 et
288 3040 422 3120 Tutore,
459 3041 513 3125 qui
540 3041 628 3108 baud
650 3042 756 3126 ignari
777 3047 976 3127 quantopere
998 3038 1140 3104 Voculae
1162 3037 1280 3104 milites

233 3149 263 3213 ei
285 3148 377 3214 infidi
399 3150 523 3234 sibique
545 3153 638 3236 proni
660 3147 1279 3218 555551551551555555111575551555

117 3251 120 3254 ’
234 3257 277 3322 ad
298 3256 490 3322 Novaesium
518 3258 638 3342 (5157,
658 3263 694 3326 16
720 3261 835 3341 ,duam
857 3259 981 3324 milium
1004 3258 1109 3342 spatio
1133 3257 1280 3323 distanti-

234 3366 293 3432 bus
315 3365 437 3450 campis
459 3367 664 3445 conseders“)
687 3371 781 3433 erant
802 3367 921 3447 secuti,
951 3373 988 3432 ut
1009 3366 1128 3431 milites
1149 3367 1183 3431 in
1205 3386 1280 3432 suas
1324 3407 1327 3412 -

233 3480 344 3562 partes
365 3475 531 3542 traherent
552 3477 676 3562 sibique
698 3478 917 3558 conciliarent,
940 3477 979 3543 el.
996 3482 1046 3558 57,
1065 3480 1199 3541 17-20.
1223 3477 1279 3540 At-

235 3604 297 3668 que
319 3583 450 3649 verbum
474 3587 681 3669 ,captarum“
704 3605 769 3650 555
791 3585 916 3670 vulgari
944 3589 997 3668 (=
1022 3584 1180 3670 gelangen
1201 3585 1280 3651 nab·

235 3715 317 3768 men,
334 3693 938 3784 51Β551115555,855155155,(15155555
949 3699 1008 3760 cet.
1021 3698 1210 3778 5555155551),
1222 3693 1279 3760 sed

235 3803 350 3869 latime
373 3825 468 3869 55555
490 3804 711 3889 accipiendum
733 3825 802 3870 esse
824 3811 960 3890 apparet
981 3827 1021 3870 ex
1036 3827 1083 3884 55,
1106 3805 1192 3890 quod
1206 3825 1279 3891 pro-

234 3913 305 3999 prie
327 3919 441 3998 captae
463 3934 528 3978 555
551 3919 627 3979 5551
649 3913 805 3996 legiones:
842 3922 936 3981 erant
957 3917 1042 3981 enim
1067 3914 1216 3979 Nouaesii
1238 3951 1276 3964 -

234 4022 269 4087 id
297 4023 401 4107 quod,
438 4043 535 4107 quum
569 4023 608 4090 de
637 4024 744 4109 legato
766 4025 911 4092 Romano
934 4031 967 4090 51
989 4025 1143 4090 Romanis
1165 4025 1280 4090 castris

237 4132 371 4214 dicatur,
395 4132 424 4197 si
445 4131 526 4198 nihil
547 4133 647 4215 aliud,
670 4133 756 4217 quod
777 4132 935 4215 obstabat,
957 4154 978 4199 a
999 4132 1155 4218 scriptore
1169 4138 1278 4246 nostro
