2894 4774
663 321 703 381 29

160 501 232 584 ejus
254 500 358 565 domo.
402 497 458 563 XI.
486 499 533 572 12,
561 500 598 559 14
623 495 727 588 „servi
746 494 869 575 liberti,
897 503 1033 581 paratus
1051 501 1204 584 principis

161 609 249 693 apu'd
278 607 471 672 adulterumv
492 603 705 669 visebantur.“
771 603 892 668 Eadem
925 607 1050 671 ratione
1086 608 1204 673 dicitur

162 716 307 800 „epulari
327 713 413 798 apud
429 713 588 796 aliquem“
612 711 652 774 H.
670 709 695 774 1.
711 713 761 789 24,
777 714 806 772 5.
831 711 888 776 111.
905 717 956 793 38,
971 720 1000 778 4.
1026 718 1062 779 Α.
1080 716 1134 781 IV.
1145 721 1203 796 10,

163 829 213 888 10.
237 825 293 890 XI.
311 827 339 903 2,
359 827 406 886 12.
430 823 517 888 XIV.
533 825 584 900 48,
601 829 630 886 41.
653 821 696 886 ΙΙ.
714 825 765 900 57,
784 827 822 884 14
845 826 877 885 et
892 822 933 886 H.
951 823 992 887 ll.
1009 827 1094 904 29,6
1119 825 1203 907 „tegi

161 934 248 1018 apud
270 933 428 1016 aliquem“
456 931 525 994 sich
553 929 726 1012 verborgen
748 931 800 996 bei
822 969 864 1020 ·.·
886 931 926 996 H.
944 932 1002 997 111.
1020 939 1070 1012 74,
1091 939 1104 996 1
1128 941 1162 998 et
1184 939 1203 998 3
1230 973 1232 978 ·

164 1046 270 1128 „apud
293 1041 472 1108 Cornelium
496 1041 640 1107 Priscum
665 1042 762 1125 juxta
783 1041 957 1107 Velabrum
986 1041 1135 1106 delituit“
1158 1043 1202 1107 im

162 1153 271 1216 Hause
293 1152 350 1216 des
372 1189 421 1214 -.
451 1151 522 1214 Huc
552 1170 678 1232 quoque
697 1151 846 1234 lpertinet
873 1138 961 1215 locus
991 1171 1011 1215 a
1041 1150 1203 1234 Draegero

161 1261 297 1344 (Syntax
319 1283 350 1326 u.
373 1259 435 1324 Stil
457 1261 482 1342 ᾗ.
504 1263 575 1338 178)
603 1279 668 1322 non
690 1265 776 1322 recte
798 1258 974 1342 explicatus
997 1259 1037 1322 H.
1060 1260 1084 1324 Ι.
1109 1266 1138 1340 7,
1164 1265 1201 1325 15

159 1350 343 1452 „seruorum
365 1389 480 1434 manus
501 1368 616 1432 subitis
638 1367 751 1434 avidae
772 1372 806 1434 et
824 1374 980 1450 tanquam
996 1369 1082 1452 apud
1097 1389 1203 1434 senem

159 1478 370 1554 festinantes‘
392 1497 490 1560 quum
513 1496 624 1540 sensus
646 1477 689 1540 sit
709 1474 843 1555 „indam
859 1473 904 1538 sie
925 1474 1103 1551 deductae,
1129 1477 1204 1542 dass

161 1589 207 1652 sie
229 1607 345 1666 waren,
368 1585 581 1665 dientenbei,
603 1585 636 1648 in
647 1577 724 1650 'dem
740 1585 849 1652 Hause
865 1587 921 1650 des
944 1594 1016 1652 -'“.
1059 1588 1112 1654 Sic
1126 1611 1204 1674 quo·

160 1717 223 1780 que
245 1696 363 1760 dicitur
385 1695 424 1758 de
445 1691 591 1778 personis
611 1693 645 1756 in
668 1694 811 1758 exercitu
834 1693 969 1780 alicujus
985 1698 1203 1764 versantibus:

161 1805 201 1869 H.
219 1804 260 1869 11.
277 1807 327 1884 26,
345 1809 363 1868 7
388 1801 510 1883 „frater
532 1799 618 1885 apud
640 1798 797 1864 Othonem
819 1802 981 1871 militanr‘
1003 1805 1025 1868 i.
1042 1826 1069 1870 e.
1086 1806 1119 1870 in
1134 1806 1204 1890 ejus

160 1915 313 1994 exercitu,
334 1913 490 1996 partibus.
535 1911 739 1990 H.11.27‚a
768 1932 847 1992 „nec
876 1913 979 1980 solum
1008 1916 1095 1998 apud
1124 1915 1204 1980 Cae-

161 2025 288 2088 cinam“
312 2044 394 2106 quae
416 2023 515 2089 verba
537 2028 647 2087 tamen
669 2043 733 2089 non
756 2023 804 2088 ita
824 2023 972 2108 explices,
996 2030 1033 2091 ut
1054 2025 1204 2109 suppleas

160 2133 311 2216 „copiae“
333 2133 377 2217 (h.
394 2154 420 2198 e.
437 2149 520 2218 quae
542 2133 628 2217 apud
651 2154 723 2198 eum
745 2135 810 2200 sive
833 2135 863 2200 ei
885 2135 991 2216 erant)
1004 2117 1206 2223 ¹conjungas·

160 2262 316 2325 quocum
340 2245 486 2326 sequenti
509 2244 605 2309 verbo
637 2245 848 2328 „parebant“‚
886 2245 942 2309 sed
971 2245 1078 2329 potius
1106 2244 1205 2322 inter·

161 2352 296 2434 proteris
326 2372 405 2432 „nec
431 2351 532 2416 solum
554 2351 588 2414 in
610 2351 753 2415 exercitu
776 2353 952 2436 castrisque
975 2351 1131 2416 Caecinae
1154 2373 1205 2418 co-

161 2461 393 2542 gnoscebatur,
430 2461 518 2526 haud
545 2462 677 2546 perinde
707 2461 741 2527 id
770 2463 923 2528 damnum
951 2461 1141 2528 Vitellianos
1170 2462 1203 2526 in

162 2575 282 2635 metum
303 2569 493 2655 compulisse
516 2591 611 2655 quam
635 2571 676 2636 ad
699 2571 1134 2655 modestiammomposuisse.

248 2679 370 2745 Eadem
392 2681 517 2745 ratione
539 2681 764 2764 explicandum
786 2687 836 2748 est
850 2680 960 2746 A.,XI.
978 2683 1028 2759 27,
1046 2683 1065 2744 6
1087 2680 1205 2758 „sacri-

162 2786 274 2852 ficasse
302 2786 389 2871 apud
418 2789 524 2869 deos“,
562 2789 648 2872 quod
669 2790 798 2874 proprie
822 2787 982 2872 significat
1002 2789 1057 2868 „in
1077 2790 1205 2874 templis

163 2898 333 2979 deorum“,
371 2897 427 2962 sed
457 2898 484 2961 si
513 2917 641 2962 sensum
669 2903 794 2982 spectas
822 2918 885 2964 non
912 2898 1034 2964 recedit
1053 2919 1075 2963 a
1096 2899 1204 2966 dativo

162 3006 282 3086 „deis.“
311 3047 350 3058 -
396 3006 447 3070 Ad
476 3007 563 3071 hunc
590 3027 682 3071 usum
712 3007 809 3072 etiam
839 3005 998 3072 referendi
1030 3014 1105 3074 sunt
1133 3008 1204 3090 loci,

163 3116 279 3200 quibus
299 3114 425 3200 „apud‘
447 3114 565 3180 dicitur
587 3115 627 3180 de
649 3115 819 3198 magistro:
853 3115 890 3178 D.
908 3120 958 3196 35,
984 3119 1022 3180 13
1045 3117 1130 3197 „duo
1152 3139 1205 3201 ge-

163 3246 242 3290 nera
269 3225 478 3290 materiarum
508 3224 595 3310 apud
621 3225 767 3292 rhetoras
796 3229 1001 3290 tractantur“
1028 3225 1068 3289 de
1096 3225 1205 3302 schola

164 3334 337 3398 rhetorum.
391 3333 429 3398 D.
453 3335 503 3413 30,
531 3338 568 3397 15
598 3355 653 3414 „se
681 3335 767 3419 apud
798 3334 835 3412 Q.
858 3333 999 3397 Mucium
1028 3334 1084 3416 jus
1112 3334 1204 3400 civile

163 3444 332 3510 didicisse“
356 3441 406 3506 vel
428 3442 467 3507 de
484 3441 655 3508 educatore
675 3439 744 3507 XV.
761 3444 812 3520 52,
832 3445 871 3504 10
893 3439 1061 3524 disciplina
1077 3441 1110 3506 0.
1127 3442 1205 3508 Ges·

164 3555 218 3635 sii,
255 3553 342 3637 apud
379 3572 475 3635 quem
517 3553 672 3618 educatus
712 3556 803 3618 erat“
842 3549 971 3635 proprie
1008 3551 1061 3632 „in
1092 3551 1204 3618 dassen

164 3663 304 3728 Hause.“
349 3693 355 3709 ·

249 3770 282 3852 d)
325 3771 415 3836 Idem
437 3775 487 3834 est
506 3767 751 3854 praepositionis
772 3767 900 3852 „apud‘
923 3789 1019 3848 usus,
1055 3770 1082 3834 si
1104 3772 1205 3836 nomi.-

164 3881 258 3947 nibus
278 3880 479 3966 populorum,
503 3879 681 3944 civitatium
704 3885 763 3944 eet.
786 3877 1001 3962 conjungitur,
1024 3899 1087 3962 quo
1108 3880 1206 3964 signi-

164 3990 241 4055 ficat
261 3991 294 4054 in
316 4011 427 4055 eorum
450 3987 586 4068 finibus,
622 3987 702 4054 urbe
730 3987 851 4070 aliquid
874 4007 942 4052 esse
964 3991 1022 4052 eut
1043 3985 1147 4066 fieri„
1168 3993 1206 4054 ut

165 4121 223 4165 nos
250 4120 377 4184 quoque
405 4099 540 4164 dicimus
557 4079 640 4180 '„bei
670 4098 731 4164 den
754 4099 912 4178 R‘o'mern‚
948 4097 969 4161 i.
992 4117 1019 4161 e.
1042 4097 1077 4162 in
1100 4095 1204 4164 ihrem
