2894 4774
745 287 766 347 4

230 466 341 549 rejeci,
379 488 452 532 cum
481 467 523 533 ad
550 467 631 532 illud
659 469 827 534 consilium
855 469 1027 554 respiciens
1045 472 1071 547 ¹)
1100 473 1169 532 tum
1197 467 1274 552 quia
1345 461 1347 464 ’

230 595 312 659 quae
335 574 519 640 Boetticher
547 577 580 640 in
610 577 701 644 lexic.
725 579 825 645 Tacit.
850 585 883 642 et
911 578 1143 663 prolegomenis
1165 583 1274 661 protu-

228 682 283 762 lit,
313 682 391 747 mihi
413 683 492 748 satis
514 684 694 768 probarunt
714 707 778 750 non
801 685 938 750 multum
961 685 1089 771 profici,
1120 687 1146 750 si
1168 694 1273 750 certae

229 795 357 855 tantum
392 792 664 876 praepositionum
702 792 953 882 significationes
991 795 1197 877 eligerentur;
1235 817 1274 860 ac

228 899 412 984 nuperrime
443 921 568 984 quoque
598 901 740 984 Draeger
773 902 930 966 nonnulla
960 923 1085 966 summa
1113 903 1274 970 industria

228 1012 261 1075 in
285 1010 381 1091 libro,
409 1012 464 1094 qui
486 1012 659 1095 inscriptus
682 1015 730 1075 est
754 1010 878 1092 ,Ueber
901 1011 1023 1094 Syntax
1045 1013 1112 1077 und
1134 1012 1194 1077 Stil
1217 1013 1273 1078 des

228 1120 376 1185 Tacitus“
400 1120 530 1205 Leipzig
555 1125 636 1186 1868
664 1141 784 1206 magna
812 1142 852 1187 ex
879 1128 972 1206 parte
994 1143 1076 1207 quae
1099 1123 1185 1207 apud
1207 1122 1274 1187 edi-

209 1212 314 1293 tores
336 1228 399 1294 huc
421 1229 497 1294 illuc
518 1231 552 1294 in
568 1232 653 1295 notis
669 1230 762 1297 obvia
777 1237 880 1311 erant,
899 1233 969 1316 jam
992 1233 1159 1314 congessit.
1198 1232 1273 1310 Qui-

227 1339 287 1405 bus
309 1341 413 1403 causis
436 1345 612 1405 commotus
634 1340 790 1424 optimum
812 1338 879 1405 sore
901 1341 1055 1424 putabam
1078 1342 1117 1406 de
1137 1343 1272 1420 ratione,

227 1467 325 1532 quam
346 1447 477 1512 Tacitus
504 1450 539 1513 in
560 1448 811 1532 uniuscujusque
831 1449 1080 1533 praepositionis
1102 1472 1163 1515 usu
1185 1471 1273 1516 secu-

227 1558 354 1639 tussit,
377 1557 480 1642 agere,
508 1560 557 1624 ita
578 1565 615 1625 ut
638 1559 720 1624 nihil
742 1559 828 1643 quod
849 1560 1012 1624 mentione
1034 1561 1166 1644 dignum
1189 1567 1274 1625 esset

136 1676 139 1684 '
227 1667 355 1734 silentio
376 1670 698 1752 praetermitteretur,
720 1691 786 1736 non
809 1670 913 1735 solum
935 1670 1052 1751 omnia,
1082 1691 1163 1754 quae
1186 1671 1272 1755 apud

228 1776 313 1842 hunc
346 1778 534 1862 scriptorem
564 1778 792 1856 inveniuntur,
823 1778 971 1862 exempla
999 1779 1272 1863 praepositionum

227 1885 364 1952 afferens
381 1889 409 1966 ²)
432 1893 465 1952 et
485 1887 519 1954 in
542 1886 671 1956 ordines
692 1886 873 1968 classesque
894 1886 1059 1970 redigens,
1096 1887 1153 1952 sed
1174 1886 1271 1953 etiam

227 1997 402 2078 rationem,
425 2017 491 2079 qua
511 1996 764 2080 praepositiones
788 1995 1007 2075 collocaverit,
1029 2017 1110 2080 quas
1133 1997 1217 2061 inter
1238 2016 1272 2062 se

226 2105 490 2186 commutaverit,
530 2125 611 2189 quas
639 2109 768 2188 praeter
803 2103 884 2168 alios
921 2105 1093 2188 scriptores
1132 2106 1271 2170 maxime

227 2215 434 2294 adamaverit,
457 2215 573 2299 quibus
594 2213 883 2298 significationibus
904 2215 939 2278 in
952 2213 1131 2280 minoribus
1145 2219 1272 2279 tantum

226 2325 365 2410 seriptis,
387 2324 503 2408 quibus
525 2345 588 2392 non
611 2323 674 2390 nisi
695 2323 729 2388 in
745 2321 898 2388 Historiis
920 2327 977 2386 ant
994 2322 1172 2390 Annalibus
1193 2316 1269 2387 usus

228 2436 270 2500 sit
298 2440 331 2500 et
358 2454 441 2518 quac
463 2439 539 2500 sunt
559 2431 679 2500 similia
699 2431 865 2515 explicans
888 2436 921 2496 et
948 2429 1179 2496 demonstrans.
1224 2430 1271 2495 De

227 2544 338 2610 formis
360 2544 643 2629 praepositionum,
668 2544 694 2608 si
717 2564 768 2608 res
790 2547 910 2628 poscat,
934 2543 1115 2606 necessaria
1137 2561 1271 2606 comme-

227 2655 447 2721 morabuntur.
493 2655 555 2720 Sed
577 2673 646 2718 rem
666 2654 715 2718 ita
737 2652 882 2732 institui,
915 2658 952 2717 ut
973 2653 1016 2717 ad
1037 2652 1183 2726 Tacitum
1204 2651 1271 2716 fere

227 2764 332 2830 solum
353 2770 532 2848 respectum
555 2761 721 2841 haberem,
759 2781 823 2830 uon
850 2761 928 2843 quia
949 2759 1063 2828 melius
1084 2760 1163 2826 mihi
1185 2759 1271 2824 vide·

188 2871 201 2885 “
227 2873 325 2940 batur
345 2893 605 2957 unumquemque
627 2873 814 2956 scriptorem
837 2871 969 2934 seorsim
990 2875 1141 2951 tractare,
1164 2875 1202 2935 ut
1223 2870 1270 2934 di-

227 2982 363 3048 versitas
382 2982 582 3065 singulorum
604 2979 723 3045 clarius
744 2979 892 3058 eluceret,
914 2981 971 3046 sed
991 2981 1069 3065 quia
1090 2980 1194 3046 lexioa
1215 2980 1271 3044 ho-

228 3091 280 3158 die
302 3113 428 3175 qnoque
449 3093 495 3158 sic
516 3098 703 3175 comparata
718 3097 802 3171 suut,
824 3097 861 3160 ut
876 3111 914 3156 ea
929 3090 1075 3176 exempla
1090 3091 1271 3169 exhibeant,

228 3221 311 3285 quae
339 3223 463 3268 summo
492 3202 601 3268 studio
623 3209 656 3268 et
677 3202 787 3268 labore
809 3202 843 3266 in
865 3201 987 3267 Handii
1009 3201 1187 3268 Tursellino
1209 3200 1272 3267 col·-

227 3311 296 3377 lata
318 3318 410 3378 sunt:
440 3311 502 3377 boc
521 3311 567 3376 ad
588 3312 843 3398 praepositiones
863 3311 994 3395 quidem
1015 3313 1193 3397 pertinere,
1216 3311 1271 3394 qni

300 3613 322 3683 ¹)
357 3630 440 3684 quam
457 3612 493 3668 ob
512 3629 623 3670 causam
633 3612 778 3668 occasione
789 3613 885 3668 oblata
896 3613 1043 3672 nonnullas
1055 3611 1271 3684 praepositiones

228 3714 356 3765 accurate
374 3710 539 3765 adscribam.

299 3802 324 3873 2)
359 3803 515 3860 Secundum
532 3803 635 3858 Halmii
654 3801 803 3859 editionem
820 3803 895 3874 Lipe.
908 3805 936 3858 Π
953 3805 1021 3860 1858
1040 3807 1069 3858 at
1088 3805 1121 3858 57
1144 3821 1272 3858 versuum

228 3914 356 3954 numeros
381 3917 489 3969 quoque
515 3899 612 3954 addidi
634 3914 690 3953 non
714 3900 803 3952 solum
826 3917 881 3968 quo
904 3898 1020 3954 celerius
1042 3899 1117 3954 locos
1138 3898 1271 3966 revolvas,

229 3998 294 4065 quia
312 3997 470 4067 saepissime
488 4014 534 4051 eos
551 4015 607 4052 non
626 3995 771 4064 exscripsi,
802 3996 851 4049 sed
869 3994 953 4049 etiam
971 3997 1005 4049 ut
1021 4011 1129 4048 errores
1147 3993 1273 4048 auferan-

227 4095 282 4163 tur,
298 4110 383 4162 quum
401 4092 509 4162 saepius
526 4091 556 4146 in
572 4108 628 4146 uno
646 4090 738 4160 capite
755 4090 852 4144 eadem
869 4089 1038 4160 praepositio
1055 4089 1130 4145 insit.
