2894 4774
746 337 789 400 20

153 497 159 508 ’
248 518 364 598 ,Lucis
392 521 580 605 propinquis
605 518 763 584 barbarae
792 541 890 600 arae,
926 521 1013 604 apud
1041 539 1122 603 quas
1142 519 1289 584 tribunos

246 634 486 693 mactaverant“
513 634 564 707 (ut
571 629 751 696 Wblfflinus
765 651 891 715 quoque
907 631 1003 695 vertit
1020 628 1098 710 ,auf
1105 627 1289 708 walchem),

246 738 302 802 sed
334 739 402 802 sine
431 737 498 802 ullo
525 737 621 802 dubio
650 740 712 804 huo
739 744 881 825 pertinet
909 741 996 807 locus
1025 741 1059 805 in
1081 741 1135 806 lib.
1158 741 1184 805 I.
1202 745 1286 820 64,7

248 845 437 925 „Cheruscis
457 853 549 909 sueta
577 848 663 930 apud
689 848 824 932 paludes
854 849 994 935 proelia“
1026 849 1095 930 ,in,
1123 847 1182 913 auf
1205 869 1289 912 sum-

245 951 362 1036 pfigem
385 951 549 1030 Terrain“,
577 976 675 1038 quum
697 977 825 1043 sensus,
852 959 908 1042 qui
929 958 962 1023 in
983 957 1088 1022 verbis
1110 956 1206 1041 hujus
1228 955 1290 1021 loci

244 1061 337 1139 inest,
360 1061 442 1126 hanc
463 1063 528 1127 vim
549 1061 683 1145 flagitat.

332 1173 365 1251 b)
409 1171 622 1254 Ocnjungitur
642 1175 837 1256 praepositio
861 1174 986 1258 „apud“
1009 1194 1080 1239 cum
1095 1174 1220 1238 urbiam
1235 1197 1289 1238 oo·

246 1281 402 1345 minitas.-
426 1287 460 1362 a)
484 1301 522 1345 aa
538 1280 781 1364 significatione,
796 1303 879 1366 quae
895 1289 945 1348 est
961 1283 1039 1364 ,bei,
1055 1283 1087 1347 in
1099 1281 1286 1347 bernacer

245 1391 334 1454 Haec
356 1389 499 1472 vulgaris
521 1389 610 1453 notio
631 1391 665 1453 in
680 1389 833 1456 Historiis
847 1393 951 1457 tribus
966 1391 1044 1456 locis
1059 1390 1198 1474 exceptis
1219 1390 1288 1456 sola
1412 1399 1413 1440 1

245 1499 347 1578 valet,
369 1519 469 1581 quum
490 1504 600 1564 tamen
622 1499 656 1563 in
678 1499 855 1564 Annalibus
877 1499 977 1564 multo
998 1501 1102 1564 rarior
1123 1519 1202 1583 prae
1222 1498 1290 1580 illa,

245 1627 343 1693 quam
365 1608 504 1673 secundo
526 1607 597 1672 loco
619 1605 946 1684 commemorabimus,
968 1606 1139 1671 invenitur.
1184 1607 1291 1690 Hujus

245 1719 491 1802 praepositionis
520 1716 591 1781 loco
620 1715 718 1778 etiam
749 1713 830 1794 ,ad“
867 1715 1015 1796 usurpari
1049 1734 1142 1780 nemo
1178 1716 1288 1780 nescit

245 1826 283 1891 In
311 1825 507 1910 usurpandis
535 1830 643 1887 autem
672 1820 961 1904 praepositionibus
991 1823 1072 1904 ,11ιι
1102 1829 1135 1888 et
1162 1825 1287 1909 „apud“

245 1935 416 2019 scriptores
438 1933 583 1998 historici
605 1928 734 2014 quidem
757 1931 818 1997 sibi
845 1937 996 1998 constant
1021 1932 1105 1998 hanc
1127 1933 1177 1998 vel
1199 1933 1289 1998 illam

245 2043 465 2129 praeferendo.
509 2043 612 2120 Quam
634 2060 703 2105 rem
725 2042 877 2124 quoniam
899 2063 991 2108 nemo
1013 2043 1165 2107 tractavit
1186 2061 1290 2126 neque

245 2153 393 2218 Handius
416 2152 457 2229 (Ι.
475 2155 527 2216 90.
543 2154 621 2230 413)
643 2150 783 2234 quidem,
805 2149 917 2233 quiin
938 2151 993 2230 eis,
1016 2171 1099 2235 quae
1118 2151 1188 2233 jam
1204 2148 1290 2215 Rud-

245 2262 417 2327 llimannus
445 2260 559 2338 (instit.
583 2277 717 2342 gramm.
740 2258 812 2322 Lat.
836 2258 878 2338 11,
901 2261 977 2341 282)
1005 2258 1117 2324 attulit
1147 2258 1227 2341 ,1111α
1256 2262 1291 2322 et

248 2370 374 2457 ,apud“
397 2372 574 2454 promiscue
597 2367 716 2450 accipi,
746 2365 921 2450 acquievit,
951 2367 1047 2432 liceat
1068 2366 1148 2432 mihi
1169 2367 1208 2431 do
1230 2366 1290 2432 boc
1414 2388 1415 2406 ³

246 2502 307 2545 usu
328 2479 452 2563 aliquid
476 2480 658 2544 accuratius
680 2477 805 2542 afferre.

332 2590 424 2670 Quod
447 2590 491 2654 ad
516 2590 695 2654 Ciceronem
717 2589 851 2667 attinet,
880 2594 918 2652 ut
946 2607 1010 2653 uno
1032 2586 1129 2654 serbo
1149 2593 1291 2671 tangam,

247 2720 311 2784 quo
330 2707 489 2784 quantum
511 2699 639 2766 differat
665 2721 686 2764 a
712 2699 827 2764 ceteris
848 2698 1055 2782 scriptoribus
1076 2698 1292 2782 intellegatur,

247 2828 325 2873 sane
348 2829 413 2873 non
437 2809 540 2872 solum
562 2808 609 2872 eis
630 2807 717 2886 locis,
740 2807 796 2890 qui
811 2807 853 2872 ad
868 2828 970 2888 usum,
993 2808 1131 2891 quemin
1144 2807 1237 2872 initio
1252 2827 1292 2872 ex

248 2917 458 2981 adnotatione
479 2915 597 2980 Heraoi
619 2915 662 2980 ad
677 2915 716 2980 H.
734 2917 759 2995 I,
775 2920 816 2980 49
839 2917 1083 2984 commemoravi
1106 2915 1160 2996 (cf.
1177 2938 1208 3001 p.
1228 2919 1291 2996 14),

248 3031 405 3110 spectant,
427 3025 622 3108 praepositio
647 3025 772 3108 ,apud“
796 3026 1235 3090 invenitur-verumtamen
1250 3024 1293 3090 ad

247 3133 453 3219 epistolarum
470 3138 597 3198 tantum
612 3133 783 3198 dictionem
799 3134 884 3200 hunc
898 3134 1144 3220 praepositionis
1167 3134 1291 3219 ,apud“

248 3263 343 3308 usum
364 3243 526 3326 pertinere
547 3241 691 3326 suspicor
713 3241 753 3306 cf.
776 3242 817 3307 ad
839 3241 916 3306 fam.
938 3242 1024 3310 XVI.
1043 3247 1073 3322 3,
1088 3249 1119 3307 ·1.
1141 3243 1210 3310 XV.
1225 3246 1291 3323 4,8

249 3359 283 3416 et
304 3356 323 3416 9
346 3351 387 3416 ad
410 3351 507 3415 Attio.
524 3350 562 3417 V.
577 3354 663 3428 20,3
685 3355 764 3430 etc,
800 3369 899 3434 quum
928 3357 1036 3416 tamen
1061 3350 1142 3433 ,ad“
1166 3369 1291 3435 quoque

249 3463 361 3527 eodem
383 3460 487 3526 sens'u¹
500 3460 717 3546 compluribus
739 3463 819 3526 locis
841 3461 960 3546 legitur
975 3503 1013 3512 -
1031 3461 1199 3526 sedetiam
1215 3481 1293 3525 non·

249 3569 347 3634 nullis
375 3570 447 3634 aliis
477 3568 555 3635 locis
585 3569 626 3634 cl.
647 3568 949 3649 offic.111.30,109
979 3571 1019 3635 ad
1049 3568 1125 3634 fam.
1141 3569 1180 3635 V.
1199 3572 1247 3648 12,
1262 3571 1292 3632 5.

249 3678 319 3744 XV.
335 3683 400 3758 4,2
423 3689 482 3744 etc.
509 3679 633 3763 ,apud“
658 3679 701 3744 ad
730 3677 973 3760 significandam
1002 3679 1199 3744 vicinitatem
1221 3699 1294 3744 con·

246 3788 395 3870 jungitur
416 3809 488 3853 cum
509 3790 638 3855 urbium
661 3789 844 3856 nominibus
865 3811 924 3875 pro
945 3790 1047 3872 magis
1069 3789 1189 3855 usitata
1202 3807 1294 3872 prae-

250 3895 409 3979 positione
436 3897 525 3978 ,ad“,
562 3898 645 3962 sicut
674 3899 715 3962 de
742 3897 956 3982 imperatore,
991 3899 1042 3963 cui
1066 3897 1201 3964 Romam
1221 3918 1293 3962 cum

250 4007 393 4071 exercitu
414 4009 535 4073 intrare
558 4029 622 4074 non
644 4008 745 4089 licuit,
766 4029 901 4093 semper,
923 4014 961 4073 ut
981 4009 1061 4072 satis
1082 4013 1203 4087 notum,
1232 4006 1297 4090 ,ad

220 4107 226 4118 ”
252 4115 382 4181 urbem“
400 4117 533 4184 dicitur:
556 4117 596 4185 cl.
609 4116 700 4183 Caes.
710 4115 748 4182 B.
762 4115 799 4181 (l.
813 4117 869 4184 VI.
884 4121 954 4199 1,2.
971 4116 1036 4182 Cic.
1048 4118 1138 4184 Verr.
1148 4119 1174 4184 1.
1189 4122 1237 4198 15,
1251 4120 1292 4182 45
